3166 5146
627 239 839 307 ..87-

97 467 186 536 quae
209 447 300 517 enim
325 447 402 518 aliis
424 446 549 534 puellis
572 442 713 536 optatur
735 445 885 519 felicitas
913 448 1102 538 opponitur
1125 445 1260 539 Scyllae
1284 468 1372 536 quae

96 577 240 642 narrata
257 575 312 640 est
330 570 537 658 calamitati;
557 571 640 642 item
661 570 728 660 Ill,
752 573 812 661 15,
833 575 895 644 43.

201 763 250 833 At
268 769 305 832 tu
326 784 393 833 non
413 764 574 834 meritam
593 784 716 854 parcas
735 785 860 836 vexare
879 765 1148 854 Lycinnam-3

96 976 174 1026 nam
204 956 423 1026 adversativa
450 958 541 1027 ratio
569 957 757 1028 intercedit
779 959 874 1028 iuter
893 958 1018 1028 Dirces
1039 958 1221 1029 saevitiam
1242 955 1285 1026 lle
1304 976 1373 1044 qua

95 1080 197 1168 prius
217 1080 349 1150 dictum
369 1086 545 1171 astatque
566 1101 642 1151 eam
661 1101 748 1171 quae
768 1102 788 1151 a
808 1080 955 1170 (lyntbia
975 1087 1118 1171 optatur
1137 1079 1373 1168 clementiam3

95 1203 182 1274 item
202 1203 248 1293 ΙΙ,
271 1206 332 1293 29,
358 1208 422 1275 14;

204 1397 253 1466 At
272 1404 310 1467 tu
329 1398 446 1468 nescio
467 1418 552 1486 quas
574 1398 726 1487 quaeris,
745 1398 875 1485 inepte,
895 1395 1060 1482 fores-,

97 1589 179 1678 quia
190 1588 361 1679 Cynthiae
376 1589 458 1660 fidei
467 1591 645 1678 Propertii
659 1589 845 1662 infidelitas
859 1591 1061 1680 opponitur3
1082 1590 1165 1659 item
1176 1588 1221 1675 ΙΙ,
1235 1589 1297 1676 26,
1314 1588 1372 1657 ll.

204 1765 253 1835 nt
270 1769 307 1833 tu
328 1766 386 1834 vix
405 1766 535 1853 primas
555 1767 725 1836 extollens
745 1766 882 1855 gurgite
901 1765 1033 1853 palmas
1060 1788 1072 1810 ·

260 1885 371 1975 Saepe
390 1909 504 1959 meum
524 1910 647 1960 nomen
666 1891 737 1960 iam
755 1890 914 1978 peritura
932 1909 1113 1975 vocas—3

99 2080 176 2130 nam
197 2061 383 2149 Propertio
404 2061 553 2153 Cynthia
571 2065 621 2136 ita
640 2066 842 2156 opponitur,
867 2072 907 2136 ut
926 2064 1029 2137 simul
1048 2062 1193 2136 alterius
1212 2059 1375 2153 precibus

99 2188 178 2253 vota
197 2184 341 2255 alterius
362 2193 596 2275 opponantur3
616 2189 700 2258 item
720 2189 764 2278 Π,
788 2192 848 2277 25,
872 2192 910 2259 9;

204 2377 253 2447 At
270 2397 325 2447 me
344 2378 387 2447 ab
408 2399 525 2448 amore
543 2385 604 2449 tuo
624 2380 775 2450 deducet
794 2379 887 2450 nulla
906 2382 1131 2448 senectus-

99 2571 176 2621 cum
207 2552 297 2621 enim
326 2552 385 2623 alii
413 2552 570 2623 homines
589 2574 713 2642 resque
733 2554 821 2624 aliae
841 2552 987 2624 deficere
1007 2559 1161 2641 tempore
1181 2547 1375 2637 dictasint,

98 2694 134 2744 se
154 2674 360 2763 Propertius
389 2696 524 2764 semper
553 2683 733 2748 asseverat
751 2680 785 2747 iu
806 2697 922 2747 amore
940 2694 1224 2765 permansurum3
1254 2671 1377 2743 simili-

97 2803 221 2887 terque
242 2819 338 2869 suam
357 2797 458 2869 fidem
478 2782 603 2870 aemuli
623 2801 807 2872 mobilitati
828 2801 975 2891 opponit
992 2800 1039 2890 ΙΙ,
1063 2803 1124 2888 24,
1149 2801 1214 2870 33;

204 2976 253 3045 At
272 2996 327 3045 me
345 2996 413 3045 non
433 2981 531 3046 aetas
550 2976 699 3046 mutabit
717 2983 792 3045 tota
811 2975 963 3063 Sibyllae
976 3013 1036 3039 -.

100 3167 170 3238 Sed
190 3173 330 3256 praeter
349 3167 413 3236 hos
432 3167 527 3237 locos
547 3173 629 3238 sunt
647 3167 718 3256 alii,
745 3167 804 3236 ubi
823 3185 1013 3256 pronomen
1032 3164 1217 3254 personale
1236 3183 1305 3232 non
1323 3160 1376 3232 id·

98 3292 191 3362 circo
220 3289 264 3360 ad
292 3289 498 3377 particulam
528 3290 782 3362 adversativam
812 3296 867 3360 est
890 3289 1062 3379 additum,
1094 3285 1186 3377 quod
1206 3284 1378 3376 oppositio

99 3420 160 3485 aut
178 3419 252 3485 tota
272 3420 331 3482 aut
351 3433 392 3481 ex
413 3420 512 3499 parte
533 3413 567 3481 in
587 3414 663 3501 ipso
684 3415 730 3483 sit
748 3415 878 3503 posita,
908 3434 1028 3483 verum
1051 3411 1270 3483 adversativa
1288 3409 1378 3480 ratio

100 3536 184 3609 illud
203 3537 304 3625 plane
324 3555 391 3606 non
411 3535 642 3622 amplectitur.
682 3535 771 3604 Nam
791 3556 870 3606 cum
891 3534 954 3624 IV,
977 3541 1012 3623 2,
1033 3539 1096 3607 47.
1118 3535 1260 3606 dicitur:

208 3730 257 3800 At
275 3730 359 3799 mibi
380 3729 471 3817 quod
491 3725 620 3798 formas
640 3749 728 3798 unus
747 3728 909 3799 vertebar
928 3729 962 3797 in
985 3721 1166 3798 omnes—

102 3923 184 4013 quia
211 3927 291 3992 ante
319 3922 411 3992 idem
429 3908 644 3994 Vertumnus
674 3927 760 4010 quot
778 3922 893 3993 varias
911 3921 1042 3992 formas
1061 3919 1255 3990 sustineret
1273 3937 1377 4007 expo-

102 4047 185 4136 suit,
205 4066 272 4115 nou
292 4065 330 4115 se
350 4045 437 4135 aliis,
458 4047 520 4118 sed
540 4046 612 4117 suis
630 4043 750 4116 formis
769 4067 893 4117 nomen
917 4066 1017 4117 suum
1037 4043 1197 4134 opponit3
1216 4041 1379 4132 idemque

104 4190 182 4241 cum
201 4191 251 4240 vs.
275 4171 334 4240 61.
357 4189 384 4239 s.

210 4361 258 4432 At
276 4361 354 4449 tibi,
375 4361 499 4451 inquit,
518 4362 682 4450 Mamuri,
702 4359 834 4432 formae
853 4362 1008 4432 caelator
1027 4361 1175 4441 abenae

264 4484 381 4555 Tellus
400 4483 553 4556 artifices
571 4506 615 4556 nc
634 4490 726 4558 terat
744 4483 834 4557 Osca
852 4505 1034 4556 manus-
