3166 5146
655 189 888 256 .-·-103—-
992 196 995 201 '

154 416 193 465 ea
211 416 310 466 sacra
329 417 395 466 non
415 416 508 482 esse3
529 417 604 466 cum
624 403 739 466 autem
758 402 831 466 tota
851 398 1005 467 oratione
1022 396 1057 465 id
1072 396 1193 485 puellis
1206 396 1419 487 persuadere

157 519 309 609 studeat,
330 526 369 589 ut
388 539 424 589 se
444 520 486 588 ad
506 518 634 589 sontem
658 519 854 608 admittant,
878 522 920 592 ad
945 527 1077 592 ceteras
1102 542 1185 610 quas
1208 519 1419 609 profert'ra·

152 644 276 730 tioneS,
303 645 345 713 ad
370 643 584 714 nobilitatem
610 650 765 714 suamet
790 646 1018 715 innocentiam
1047 645 1133 716 illud
1161 665 1295 733 quoque
1324 665 1417 715 com·
1501 672 1505 679 ·

153 767 254 836 mode
277 767 443 856 adiungit,
464 776 503 838 ut
525 788 568 836 ne
593 769 861 838 inimicissimam
889 770 1028 858 quidem
1052 771 1150 840 deam
1171 787 1260 855 aqua
1279 789 1315 838 se
1336 789 1418 857 pro·

153 891 339 964 hibituram
368 893 559 962 admoneat.
599 891 695 980 Quae
723 893 907 963 admonitio
941 916 1018 964 cum
1052 894 1177 964 ceteris
1204 893 1416 981 argumentis

154 1021 223 1084 tam
251 1017 338 1086 hene
367 1017 540 1107 cohaeret,
570 1023 610 1086 ut
636 1037 678 1085 ne
707 1018 877 1088 excidisse
907 1019 1041 1106 quidem
1068 1017 1255 1106 quidquam
1277 1023 1418 1105 praeter

154 1140 248 1210 illurn
268 1162 407 1213 versum
427 1145 501 1230 42,
523 1141 578 1211 cui
600 1145 660 1213 66.
683 1143 891 1212 substitutus
916 1149 979 1231 est,
1005 1142 1175 1230 videatur,
1200 1147 1239 1210 ut
1258 1139 1416 1211 Luettio-

155 1267 260 1336 hanni
282 1266 410 1355 placet.
438 1264 547 1353 Quam
570 1266 660 1335 enim
684 1266 740 1336 ille
764 1267 969 1337 sententiam
994 1265 1169 1337 desiderat
1192 1265 1323 1348 aditum
1351 1263 1418 1334 sihi

154 1391 371 1480 postulantis,
401 1411 441 1460 ea
469 1390 561 1479 quod
590 1392 723 1481 inipso
748 1392 847 1462 initio
872 1392 1039 1461 orationis
1067 1397 1120 1461 est
1147 1389 1263 1478 posita
1289 1389 1366 1478 (34.
1388 1408 1415 1456 S.

153 1515 299 1584 Pandite
319 1513 460 1584 defessis
480 1515 617 1602 hospita
635 1513 714 1585 fana
733 1516 828 1585 viris
860 1515 982 1586 Fontis
1001 1535 1106 1602 egens
1126 1514 1218 1600 erro)
1242 1513 1298 1582 hic
1316 1531 1417 1600 prae-

154 1649 209 1710 ter
238 1641 480 1710 necessitatem
508 1639 815 1728 redintegraretur.
841 1679 890 1691 -
920 1640 960 1709 ln
987 1639 1174 1726 postremis
1202 1636 1336 1708 duobus
1365 1634 1417 1706 di-

154 1767 272 1838 stichis
286 1789 294 1835 :

248 2036 251 2043 ,
286 1962 411 2033 Sancte
429 1966 543 2050 pater,
564 1959 668 2047 salve,
689 1959 744 2029 cui
762 1959 830 2028 iam
849 1955 941 2028 favet
964 1977 1083 2045 aspera
1101 1955 1202 2025 Iuno:

338 2085 472 2170 Sancte,
493 2084 579 2154 velis
597 2083 686 2153 libro
706 2083 830 2153 dexter
849 2084 961 2152 inesse
981 2102 1067 2151 meo.

285 2206 400 2297 Hunc,
422 2208 583 2298 quoniam
602 2207 762 2277 manibus
781 2213 967 2296 purgatum
986 2210 1147 2276 sanxerat
1164 2204 1294 2289 orbem,

339 2333 396 2402 Sic
417 2331 579 2401 Sanctum
600 2332 723 2401 Tatiae
743 2350 964 2418 composuere
985 2328 1096 2398 Cures
1117 2366 1167 2376 —-

154 2541 430 2612 Luettiohannes
449 2539 639 2610 Diltheium
660 2540 727 2629 (De
742 2537 941 2609 Callimachi
957 2537 1116 2627 Cydippe
1128 2559 1162 2626 p.
1183 2540 1268 2607 106.
1289 2534 1426 2624 annot.)

155 2668 323 2755 sequitur,
345 2665 402 2752 qui
423 2664 580 2734 ordinem
599 2683 717 2732 eorum
737 2663 787 2732 ita
809 2663 961 2750 invertit,
987 2668 1026 2731 ut
1050 2662 1143 2751 quod
1166 2661 1324 2731 ultimum
1344 2663 1420 2730 erat

153 2790 189 2859 id
207 2789 467 2878 paenultimum,
489 2787 582 2877 quod
600 2786 842 2877 paenultimam
862 2787 898 2857 id
918 2787 1075 2858 ultimum
1098 2785 1212 2858 faciat.
1251 2782 1318 2872 Qui
1341 2803 1418 2854 cum

155 2912 279 3002 quibus
299 2913 492 2982 rationibus
511 2919 692 2982 moveatur
711 2911 928 3000 paucissimis
947 2911 1062 2981 verbis
1082 2911 1230 3001 aperiat,
1251 2911 1326 2999 ipsa
1345 2909 1419 2979 eius

153 3038 260 3108 verba
279 3036 471 3106 afferamus.
492 3076 544 3087 —
563 3035 786 3124 Transposui,
807 3034 929 3124 inquit,
951 3034 1018 3104 duo
1038 3034 1123 3105 haec
1147 3033 1310 3120 disticha;
1339 3054 1419 3103 nam

154 3170 335 3249 antequam
350 3200 394 3213 -κ
410 3160 535 3231 Sancte
551 3168 650 3249 pater
662 3199 707 3213 -—
721 3159 957 3249 appellaretur
972 3159 1141 3229 Hercules
1153 3157 1281 3227 dictum
1296 3177 1418 3227 conve-

154 3289 206 3357 nit
220 3306 299 3354 eum
309 3284 471 3355 Sanctum
486 3305 562 3353 esse
577 3283 718 3373 lactum,
733 3305 799 3354 non
816 3290 951 3372 postea;
969 3304 1032 3353 nec
1047 3282 1111 3352 nisi
1127 3283 1162 3350 in
1180 3282 1256 3370 ipso
1269 3282 1365 3352 exitu
1384 3279 1421 3349 id

155 3410 245 3499 quod
263 3409 437 3497 posterius
456 3410 555 3497 posui
576 3408 748 3478 distichon
772 3414 890 3496 aptum
913 3408 1025 3478 locum
1049 3407 1165 3477 habet.
1188 3406 1303 3476 -At
1327 3405 1419 3494 quod

154 3535 252 3622 prius
277 3531 373 3622 dicit,
400 3533 436 3602 id
460 3532 508 3602 ita
532 3552 652 3601 verum
676 3539 740 3620 est,
766 3532 795 3601 si
820 3552 897 3602 cum
920 3532 1057 3601 nomina
1080 3531 1136 3600 vel
1160 3551 1257 3600 sacra
1276 3528 1418 3601 deorum

133 3658 372 3746 ¹explicantur
396 3658 493 3745 prius
517 3677 556 3726 ea
574 3656 711 3726 nomina
734 3655 911 3744 explicari,
937 3654 1058 3724 deinde
1082 3653 1163 3724 deos
1185 3654 1227 3724 iis
1251 3653 1419 3744 appellari

157 3786 192 3850 et
210 3779 388 3868 implorari
408 3800 549 3851 necesse
569 3785 631 3849 est.
658 3778 755 3865 Quod
775 3799 873 3866 quarn
894 3779 1027 3848 nonsit
1047 3798 1184 3848 necesse
1203 3779 1358 3849 cernitur
1377 3798 1419 3848 ex

160 3904 273 3976 Ovidii
291 3904 420 3990 FastiS,
442 3905 499 3992 qui
519 3904 575 3974 ubi
594 3905 621 3992 l,
645 3907 704 3973 65.
726 3925 770 3974 ss

280 4117 373 4186 Iane
392 4115 545 4207 biceps,
565 4115 690 4205 inquit,
709 4115 789 4184 anni
807 4116 913 4186 tacite
931 4115 1079 4184 labentis
1102 4115 1214 4203 imago
1235 4154 1285 4164 —

199 4332 259 4399 67.
280 4329 414 4398 Dexter
433 4330 515 4400 ades
535 4329 691 4421 ducibus,
711 4349 856 4418 quorum
875 4348 996 4398 secura
1015 4327 1131 4398 labore

335 4451 416 4524 Otia
434 4459 530 4525 terra
547 4452 657 4544 ferax,
677 4453 745 4524 otia
763 4459 890 4540 pontus
909 4453 980 4540 agit
998 4490 1050 4503 —
