3166 5146
784 234 993 305 ..pg-

253 453 361 541 magu‘s
380 415 579 539 suspectum
599 454 668 536 est,
698 465 799 536 quam
819 445 909 536 quod
928 443 1072 516 Ovidius
1091 442 1236 515 diversis
1255 442 1342 535 locis
1361 460 1429 513 non
1448 439 1524 511 dis·

253 575 410 647 similiter
428 594 465 645 se
484 573 648 645 Sulmone
668 571 849 643 oriundum
869 569 1038 641 declarat:

252 769 345 840 Fast.
365 764 429 859 IV,
451 771 512 843 80.
535 767 708 840 Sulmonis
725 765 834 859 gelidi
852 765 996 855 patriae,
1016 763 1233 852 Germanice,
1252 767 1453 833 nostrae—

251 894 355 967 Trist.
376 893 439 986 IV,
464 896 523 982 10,
546 895 580 963 3.
607 889 725 963 Sulmo
744 890 826 961 mihi
845 890 959 979 patria
979 895 1032 961 est
1049 887 1172 978 gelidis
1190 886 1386 959 uberrimus
1406 884 1520 957 undis.

250 1089 412 1179 Pugnare
430 1091 522 1161 inter
540 1108 576 1158 se
595 1093 697 1177 putat
714 1085 816 1157 illud:

356 1276 1270 1361 mfflmfflfflwmwm.

408 1405 535 1477 Matris
554 1412 591 1476 et
609 1413 689 1477 ante
709 1404 793 1476 deos
810 1403 920 1476 libera
940 1408 1053 1474 sumta
1069 1408 1151 1494 toga
1170 1440 1216 1453 -

134 1636 137 1641 ·
249 1605 284 1667 et
302 1597 348 1687 ll,
370 1602 431 1687 24,
455 1601 515 1670 37.
537 1619 564 1670 s.
587 1637 635 1650 -
655 1596 812 1699 quamvis
831 1617 894 1668 nec
915 1597 1081 1685 sanguine
1100 1595 1191 1666 avito

407 1721 541 1794 Nobilis
560 1730 596 1793 et
614 1723 769 1813 quamvis
789 1742 857 1795 non
876 1723 926 1794 ito
945 1721 1042 1793 dives
1062 1710 1151 1792 eras.

326 1896 415 1968 Nam
441 1918 483 1968 ex
506 1896 668 1968 inferiore
691 1893 766 1969 loco
785 1898 880 1969 cerni
898 1894 1120 1987 Propertium
1139 1893 1291 1984 equitem
1309 1913 1377 1965 non
1397 1891 1518 1980 fuisse;

247 2022 423 2110 superiore
442 2020 628 2112 significari
651 2023 815 2113 equitem.
840 2021 971 2112 γ’111111
999 2022 1043 2094 ad
1072 2020 1268 2111 opinionem
1292 2017 1519 2093 refellendam

246 2165 307 2216 nos
327 2165 394 2215 non
411 2146 446 2217 id
465 2146 709 2236 protulerimus
729 2147 822 2238 quod
839 2147 1126 2236 Luettiohannes,
1154 2145 1385 2236 horoscopum
1402 2145 1517 2216 omnia

244 2287 427 2358 exaugere,
448 2270 508 2341 scd
536 2268 621 2341 illud
648 2268 852 2361 repetimus,
873 2266 966 2362 quod
984 2290 1091 2361 supra
1109 2264 1511 2359 diximuS,.PropcrtIum

244 2414 312 2464 non
338 2390 445 2466 fuisse
475 2395 625 2486 equitem
653 2388 755 2466 nullis
782 2388 973 2467 rationibus
992 2415 1091 2486 posse
1110 2394 1277 2466 convinci.
1325 2393 1513 2465 Praeterea

244 2523 360 2588 tamen
387 2518 424 2590 id
451 2519 553 2589 etiam
581 2517 784 2609 notandum,
822 2517 914 2610 quod
945 2517 1196 2608 Hertzbergius
1223 2517 1376 2609 (Quaest.
1407 2514 1514 2606 Prop.

244 2660 276 2729 p.
301 2642 376 2730 14.)
405 2641 521 2730 docet,
550 2642 618 2713 illis
642 2642 854 2732 temporibus
873 2645 927 2714 ius
947 2662 1075 2715 111111
1095 2641 1208 2714 bullae
1227 2642 1382 2731 equestri
1400 2632 1518 2713 ordini

243 2784 311 2834 non
329 2762 437 2835 fuisse
457 2772 684 2837 reservatum.
731 2765 820 2837 Nam
843 2766 947 2837 Plinii
969 2767 1046 2838 loco
1067 2767 1125 2856 qui
1143 2767 1180 2837 in
1196 2766 1285 2839 hano
1305 2767 1519 2838 sententiam

243 2885 404 2959 laudatur
414 2888 473 2980 (Η.
484 2890 527 2960 Ν.
539 2888 704 2980 XXXIII,
715 2892 767 2980 4.)
780 2891 838 2962 ille
853 2891 996 2962 Asconii
1010 2891 1117 2963 verba
1131 2891 1175 2962 ad
1186 2889 1362 2963 Ciceronis
1373 2890 1454 2963 Act.
1467 2891 1516 2964 11.

243 3010 348 3082 Verr.
368 3011 397 3102 1,
419 3033 449 3083 c.
472 3015 532 3085 58.
554 3016 706 3106 opponit,
726 3016 799 3107 qui,
819 3014 928 3088 Simul
947 3036 1025 3088 curn
1044 3019 1238 3107 praetexta,
1258 3015 1385 3107 inquit,
1406 3017 1518 3089 etiam

242 3135 335 3206 bulla
358 3137 519 3226 suspendi
537 3139 572 3209 in
592 3140 680 3211 collo
700 3138 887 3212 infantibus
906 3141 1064 3231 ingenuis
1083 3133 1173 3212 solet
1191 3161 1311 3231 aurea,
1339 3140 1517 3214 libertinis

243 3267 390 3332 scortea.
411 3259 508 3348 Quod
522 3281 606 3332 vero
623 3262 814 3353 Garuttius,
835 3283 922 3351 quae
935 3264 1138 3353 Propertius
1158 3264 1240 3337 alibi
1258 3265 1301 3337 de
1321 3267 1431 3337 otiosa
1450 3288 1517 3340 sua

241 3384 314 3454 vita
331 3390 466 3473 narrat,
487 3404 639 3474 pugnare
657 3393 760 3476 putat
777 3407 854 3458 cum
874 3408 924 3460 vs.
949 3391 1034 3459 139.
1057 3408 1085 3458 1.

346 3579 435 3650 Nam
454 3580 519 3651 tibi
537 3581 700 3654 victrices
720 3603 943 3673 quascunque
961 3583 1078 3656 labore
1096 3584 1229 3675 parasti

398 3703 524 3776 Eludot
543 3705 673 3795 palmas
693 3727 762 3778 una
779 3706 894 3796 puella
912 3715 990 3780 tuas
1001 3744 1054 3760 -·

241 3882 372 3968 etcum
395 3902 480 3969 133.
502 3919 529 3968 1.

345 4092 432 4164 Tum
451 4093 516 4162 tibi
536 4112 646 4181 panca
665 4115 726 4165 suo
746 4096 788 4174 de
808 4099 958 4168 11111111
977 4097 1088 4168 dictat
1105 4096 1230 4186 Apollo

398 4217 445 4287 Et
463 4225 559 4291 vetat
579 4220 696 4294 insano
714 4223 823 4294 verba
840 4229 961 4296 tonare
980 4221 1114 4293 foro-
1129 4244 1136 4292 :
1211 4313 1215 4324 Ι

237 4416 332 4481 11111
351 4430 428 4483 eum
446 4412 717 4490 Luettiohannes
736 4425 839 4509 negat
856 4418 921 4490 hos
940 4436 1061 4488 versus
1078 4415 1301 4489 intellexisse.
1322 4415 1411 4488 Nam
1430 4421 1510 4509 pal·

237 4552 311 4606 mae
333 4553 400 4607 non
423 4536 566 4612 bellicae
584 4543 744 4614 suntsed
762 4542 965 4630 amatoriae,
992 4532 1132 4613 vetatur
1159 4549 1276 4634 autern
1299 4542 1511 4632 Propertius
