3166 5146
779 231 984 297 ...48-

246 440 321 529 ipso
336 460 460 527 genere
477 460 558 509 suae
573 440 805 528 divinationis,
826 460 913 529 quae
934 461 1001 510 non
1016 441 1050 509 in
1066 439 1217 510 oraculis
1231 445 1266 509 et
1281 438 1517 528 haruspicina,

249 564 308 633 sed
347 565 381 633 in
411 565 563 634 siderum
593 564 836 634 observatione
864 565 910 634 sit
937 566 1060 653 posita.
1096 561 1152 633 Sic
1182 564 1273 633 enim
1295 563 1516 651 'accipimus:

246 689 404 776 Dicam,
435 689 574 776 Troia,
604 687 722 758 cades
750 696 845 770 cett,
875 710 917 757 ex
942 689 1067 777 quibus
1087 688 1363 758 Luettiohannes
1391 707 1517 756 novam

248 814 353 882 sumit
366 812 548 901 rationem,
570 833 647 882 cum
667 822 773 899 negat
790 812 853 882 hos
873 834 989 882 omnes
1009 833 1129 882 versus
1147 813 1251 882 huius
1271 826 1347 881 esse
1369 812 1514 901 elegiae,

247 938 326 1025 quia
355 957 395 1006 ea
422 957 488 1005 non
517 937 641 1007 Troiae
668 936 738 1005 fata
767 947 1006 1024 exponantur,
1033 937 1189 1025 aliusque
1218 935 1379 1006 carminis
1408 934 1515 1006 fuisse

246 1069 362 1148 putat,
393 1060 483 1146 quod
522 1060 563 1130 de
602 1060 697 1131 clade
724 1060 846 1130 Troiae
885 1071 976 1131 esset
1008 1061 1253 1149 conscriptum.
1294 1059 1515 1130 Cassandrae

125 1204 127 1208 ⁸
247 1192 362 1272 certe,
394 1192 431 1253 ut
458 1183 515 1253 ille
545 1184 633 1266 vult,
674 1184 764 1255 hunc
794 1206 932 1254 versum
965 1205 1135 1255 essenon
1165 1205 1267 1273 posse
1295 1192 1444 1273 apparet
1473 1205 1516 1254 ex

247 1309 391 1396 dicam,
410 1309 500 1397 quod
521 1328 632 1397 neque
651 1309 685 1376 in
706 1311 780 1378 eius
798 1329 908 1396 neque
927 1310 962 1377 in
983 1309 1070 1378 alius
1092 1308 1258 1379 oneratis
1277 1308 1389 1378 locum
1408 1307 1516 1378 habet

247 1433 304 1521 qui
324 1435 399 1520 ipse
418 1433 560 1521 loquens
584 1433 781 1503 inducatur.
804 1435 849 1502 nt
879 1433 961 1501 nihil
991 1439 1045 1502 est
1072 1433 1210 1502 omuino
1240 1453 1303 1501 cur
1322 1431 1364 1501 ah
1384 1432 1516 1502 usitata

247 1577 349 1644 quam
367 1556 470 1626 modo
488 1557 735 1645 proposuimus
763 1557 990 1644 explicatione
1015 1557 1243 1626 discedamus.
1275 1555 1365 1625 Nam
1385 1561 1425 1625 ut
1445 1556 1514 1625 hic:

246 1679 366 1748 Troia
397 1680 515 1750 cades
545 1686 626 1750 cett.
656 1683 719 1768 pro
739 1681 892 1769 exemplo
923 1681 1100 1751 dicuntur:
1132 1686 1171 1749 ut
1198 1677 1414 1767 significetur
1442 1686 1514 1750 tam

246 1824 329 1873 vera
356 1804 568 1892 vaticinatio,
599 1826 700 1894 quarn
727 1805 799 1874 eius
827 1825 912 1875 vera
940 1803 1005 1873 luit
1032 1805 1091 1893 qui
1119 1804 1258 1873 Troiam
1294 1803 1448 1873 deletum
1468 1804 1514 1874 iri

245 1927 432 2017 praedixit,
453 1929 503 1998 ita
522 1928 604 1998 alibi
625 1949 760 2018 quoque
782 1934 816 1998 et
844 1949 946 2017 saepe
969 1950 1033 2017 pro
1062 1949 1103 1998 eo
1124 1948 1271 2017 quocum
1292 1915 1515 2017 eomparatur

246 2071 303 2120 res
324 2072 411 2141 quae
431 2057 653 2139 comparatur
673 2053 747 2140 ipse
767 2053 905 2122 dicitur.
923 2055 1039 2139 Atque
1058 2053 1216 2141 inprimis
1230 2052 1341 2122 simile
1361 2042 1396 2121 id
1415 2053 1512 2123 vide·

245 2184 314 2262 tur,
336 2176 427 2264 quod
448 2175 533 2245 dicit
552 2177 726 2246 Ausonius
746 2178 781 2246 in
800 2177 1045 2266 epigrammate
1064 2177 1141 2246 XX.
1162 2177 1197 2245 in
1217 2176 1384 2248 Meroen:

457 2386 523 2475 Qui
542 2391 687 2478 primuS,
707 2390 843 2479 Meroe,
863 2411 984 2460 laomen
1005 2391 1065 2461 tibi
1087 2390 1253 2476 condidit,
1273 2389 1330 2459 ille

509 2513 677 2584 Thesidae
697 2536 819 2584 nomen
841 2515 994 2586 condidit
1014 2514 1216 2604 Hippolyto.

245 2721 332 2791 Nam
353 2724 411 2811 qui
431 2722 570 2794 Meroae
598 2746 723 2796 nornen
751 2726 899 2813 dederit,
928 2727 958 2795 is
989 2747 1057 2795 non
1086 2728 1196 2796 minus
1216 2736 1332 2814 aptum
1354 2728 1508 2817 quodque

246 2858 390 2918 ventura
408 2850 479 2921 fata
499 2851 709 2940 exprimeret
727 2871 851 2920 nomen
870 2849 1008 2920 dedisse
1028 2842 1168 2939 dicitur,
1190 2871 1290 2940 quarn
1311 2852 1369 2940 qui
1385 2852 1514 2925 Thesei
1562 2912 1565 2920 .

245 2968 353 3042 filium
371 2973 595 3064 Hippolytum
617 2975 812 3045 nominarit.
842 2973 908 3044 Sed
933 2995 976 3044 ne
995 2974 1083 3045 illud
1107 2974 1242 3062 quidem
1263 2974 1429 3046 dissimile
1448 2984 1513 3067 est,

246 3096 338 3185 quod
357 3097 399 3167 ab
419 3098 493 3188 ipso
512 3098 699 3187 Propertio
719 3098 765 3184 ll,
791 3102 823 3185 l,
846 3100 906 3168 65.
928 3119 955 3166 s.
977 3097 1124 3168 dicitur:

581 3309 656 3379 Hoc
675 3309 704 3378 si
724 3310 801 3398 quis
820 3309 937 3378 vitium
956 3308 1087 3396 poterit
1104 3310 1189 3379 mihi
1209 3309 1359 3398 demere,
1380 3311 1478 3382 solus
1540 3396 1543 3400 ¹

631 3432 796 3503 Tantalea
812 3433 941 3520 poterit
958 3433 1097 3503 tradere
1115 3453 1217 3522 poma
1234 3453 1349 3503 manu.
1364 3472 1412 3485 -

244 3591 299 3662 vel
322 3591 351 3681 I,
376 3595 435 3680 14,
451 3595 508 3662 11.
532 3613 559 3662 s
585 3592 672 3663 Tum
691 3592 774 3661 mihi
792 3590 928 3662 Pactoli
946 3592 1088 3661 veniunt
1106 3591 1169 3661 suh
1187 3596 1282 3662 tecta
1299 3593 1455 3682 liquores

631 3716 678 3786 Et
696 3716 825 3804 legitur
843 3715 962 3785 rubris
980 3737 1115 3805 gemma
1133 3715 1196 3785 suh
1216 3716 1440 3803 aequoribus.

246 3926 317 3998 Gur
335 3934 450 4000 autem
468 3929 554 3999 haec
578 3927 792 4017 potissimum
820 3927 1021 3999 vaticinatio
1045 3926 1191 4017 exempli
1215 3949 1319 3998 causa
1337 3949 1514 4003 memore-

244 4056 313 4141 tur,
333 4073 432 4123 nemo
451 4053 633 4123 mirabitur
658 4051 717 4139 qui
740 4052 935 4123 meminerit
957 4059 1087 4142 quanto
1106 4051 1284 4140 Propertii
1304 4057 1419 4124 aetate
1440 4075 1516 4125 ser-

244 4196 346 4246 mone
365 4177 514 4248 omnium
533 4196 621 4264 quae
640 4178 684 4247 ad
703 4186 840 4266 gentem
858 4176 982 4246 Iuliam
1002 4182 1038 4245 et
1051 4176 1202 4246 Aeneam
1226 4176 1420 4265 Troiaeque
1439 4175 1516 4251 fata

244 4301 431 4372 attinerent
450 4301 625 4372 celebrata
643 4300 723 4370 sint.
754 4298 853 4387 Quod
879 4306 1090 4388 postremum
1109 4298 1384 4370 Luettiohannes
1405 4321 1513 4391 argu-

244 4431 395 4495 mentum
414 4423 560 4515 profert,
581 4447 646 4496 vss.
670 4427 731 4496 89.
753 4445 797 4494 ss.
829 4425 957 4513 optime
981 4445 1060 4494 eum
1080 4426 1142 4495 79.
1164 4426 1225 4493 80.
1248 4425 1453 4516 cohaerere,
1475 4427 1514 4498 id

243 4549 327 4620 nihil
347 4550 391 4620 ad
408 4526 502 4638 ren13
525 4551 554 4620 si
575 4550 665 4621 enim
684 4551 714 4620 is
734 4551 793 4638 qui
813 4549 962 4619 traditus
991 4553 1043 4620 est
1062 4548 1148 4618 ordo
1169 4549 1253 4618 satis
1272 4555 1327 4620 est
1345 4547 1513 4622 defensus
