3166 5146
682 161 910 277 ..θεῖ’-ζ

157 414 257 485 abest
274 427 312 484 ut
330 416 373 486 ad
392 437 517 487 novom
531 422 717 490 amatorem
737 420 961 493 irretiendum
978 417 1193 490 referendum
1216 422 1271 509 sit,
1293 430 1411 493 utnon

158 541 270 627 possit
293 541 359 610 nisi
383 540 424 610 de
449 552 549 630 capto
572 543 638 612 iam
667 550 823 613 amatore
850 544 974 632 aoeipi3
1006 544 1033 613 si
1064 545 1203 633 quidem
1231 545 1273 614 de
1298 564 1424 617 amore·

158 665 279 735 andire
307 674 448 756 oportet
475 687 569 755 eum,
598 666 656 755 qui
694 668 767 754 ipse
797 687 833 737 se
861 669 1064 755 magistrum
1094 668 1224 739 amoris
1252 661 1415 757 nominat,

158 785 316 859 Ovidium
336 790 425 878 dieo,
446 792 503 879 qui
522 789 564 859 A.
587 791 628 860 Α.
649 790 696 877 ll,
718 793 778 859 91.

262 983 294 1054 N
298 1003 339 1052 on
359 984 444 1055 satis
463 989 527 1070 θεῖ,
547 983 670 1070 iuquit,
689 983 822 1053 venisse
842 983 906 1052 tibi
925 1004 979 1052 me
998 990 1075 1053 vate
1095 984 1253 1072 puellam.

314 1111 401 1176 Arte
420 1128 494 1178 mea
513 1114 614 1195 capta
633 1113 705 1176 est:
726 1115 802 1177 arte
822 1107 970 1176 tenenda
989 1127 1064 1177 mea
1082 1114 1146 1177 est.

156 1294 243 1369 Item
262 1320 326 1369 nou
349 1301 383 1369 in
408 1301 543 1370 initium
567 1301 705 1389 amoris,
736 1299 796 1370 sed
824 1301 858 1369 in
886 1282 1126 1370 confirmatum
1155 1301 1221 1369 iam
1249 1308 1285 1370 et
1304 1302 1411 1371 stabi-

157 1421 253 1492 litum
274 1445 423 1494 amorem
443 1423 640 1512 ostendunt,
665 1444 752 1509 quae
770 1424 824 1493 his
849 1425 1006 1493 versibus
1029 1424 1300 1513 praecipiuntur.
1330 1423 1413 1494 Sua·
1471 1510 1476 1521 ¹

158 1547 259 1617 detur
278 1549 378 1643 enim,
398 1556 438 1617 ut
456 1547 612 1617 rivalium
635 1557 744 1616 metus
763 1547 955 1617 amantibus
975 1546 1157 1618 afferatur:
1178 1555 1213 1618 at
1237 1549 1413 1619 audiamus

156 1692 278 1741 rursus
298 1662 442 1741 eundem
462 1669 621 1742 Ovidium
643 1672 682 1739 A.
705 1672 746 1740 A.
766 1669 830 1757 ΙΙΙ,
853 1673 939 1740 591.
960 1690 1005 1740 εε.

262 1882 352 1951 Dum
371 1881 464 1951 eadit
481 1883 517 1951 in
535 1882 675 1969 laqueos
693 1888 814 1971 captus
834 1902 969 1971 quoque
990 1903 1099 1970 nuper
1117 1889 1259 1972 amator,

315 2002 432 2074 Solum
451 2025 487 2074 se
506 2004 671 2075 thalamos
690 2014 805 2093 speret
818 2006 944 2076 habere
963 2014 1051 2077 tuos.

259 2127 443 2198 Postmodo
461 2127 605 2197 rivalem
625 2128 820 2216 partitaque
839 2122 1081 2200 foedera'lecti

237 2260 240 2265 ’
313 2249 470 2320 Sentiat.
490 2251 552 2320 has
571 2256 664 2321 artes
684 2249 784 2337 tolle;
805 2259 962 2321 senescet
981 2272 1088 2322 amor.

155 2461 270 2547 Atque
289 2460 408 2530 eadem
428 2461 679 2529 sententiolam
698 2461 792 2547 prius
812 2481 832 2529 a
849 2481 898 2529 vs.
923 2463 1007 2530 559.
1030 2461 1222 2549 exponitur.
1243 2460 1337 2546 Ergo
1357 2460 1411 2529 his

155 2585 309 2655 versibus
328 2585 371 2654 de
390 2584 509 2653 eodem
532 2589 686 2653 amatore
705 2593 809 2669 atque
833 2584 1067 2673 superioribus
1089 2583 1304 2675 disputatur·;
1330 2604 1410 2653 eon·

155 2713 356 2778 sentaneom
376 2716 489 2778 eutem
509 2716 571 2794 est,
597 2712 777 2795 postquem
802 2707 842 2777 de
862 2707 995 2778 artibus
1018 2709 1182 2796 pecuniae
1201 2707 1411 2794 colligendae

152 2831 279 2902 dictum
301 2831 357 2920 sit,
379 2831 501 2920 quibus
520 2831 654 2900 artibus
673 2836 808 2901 amator
827 2831 1048 2901 nihilominus
1068 2833 1260 2902 retineatur
1279 2830 1409 2919 doceri,

155 2955 378 3042 similiterque
399 2953 541 3026 Ovidius
561 2961 744 3042 antequam
769 2974 811 3023 ea
834 2975 918 3040 quae
943 2954 1120 3023 attulimus
1144 2955 1352 3042 praeseribit
1370 2955 1412 3024 de

154 3077 350 3148 muneribus
374 3076 582 3165 accipiendis
609 3076 773 3165 loquitur,
804 3077 867 3175 etsi
896 3077 926 3144 is
951 3075 1087 3163 quidem
1116 3084 1237 3167 poetas
1259 3077 1410 3147 carmina

153 3222 220 3271 uon
240 3219 384 3270 mouera
402 3200 528 3269 debere
552 3201 714 3270 declarat.
746 3200 793 3269 At
816 3174 960 3302 §olims
988 3199 1144 3269 versibus
1167 3220 1234 3268 non
1259 3200 1300 3268 de
1325 3199 1409 3268 diri-

153 3325 288 3415 piendis
308 3322 483 3392 veteribus
507 3323 565 3392 sed
590 3323 632 3394 de
658 3323 823 3413 eligendis
852 3325 947 3394 novis
976 3323 1187 3394 amatoribus
1216 3325 1269 3413 agi
1299 3324 1410 3412 quivis

153 3447 252 3520 facile
271 3443 467 3537 perspiciet,
489 3447 548 3534 qui
566 3467 624 3516 eos
644 3446 827 3536 diligenter
845 3447 1052 3534 perlegerit:

221 3664 282 3731 47.
310 3659 439 3730 Ianitor
458 3658 501 3728 ad
522 3655 641 3726 dantes
662 3658 800 3746 vigilet:
822 3659 849 3727 si
869 3656 982 3746 pulset
1002 3657 1112 3727 inanis

363 3782 494 3853 Surdus
512 3782 547 3850 in
568 3780 749 3850 obductam
770 3783 915 3859 somniet
933 3801 1042 3869 usque
1063 3802 1184 3851 seram.

311 3907 381 3978 Neo
400 3908 463 3976 tibi
483 3904 661 3993 displiceat
679 3904 777 3974 miles
796 3926 863 3975 non
881 3904 991 3976 factus
1011 3906 1131 3995 amori,

362 4031 478 4100 Nauia
496 4050 558 4100 nec
578 4028 698 4099 attrita
717 4028 746 4096 si
765 4030 853 4098 ferat
871 4050 952 4098 aera
970 4049 1084 4117 manu,

312 4154 382 4223 Aut
402 4174 545 4240 quarum
565 4153 687 4222 titulus
706 4172 769 4240 per
787 4151 934 4220 barbara
953 4152 1040 4222 oolla
1058 4152 1231 4243 pependit,

149 4304 157 4323 ν
260 4355 262 4359 ,
365 4275 496 4346 Caelati
515 4276 626 4346 medio
647 4298 724 4347 eum
742 4275 877 4346 saluere
896 4273 980 4347 soro.

156 4490 316 4563 Ordinem
341 4489 448 4577 igitur
470 4496 733 4577 praeceptorum
761 4488 970 4560 eontrarium
994 4495 1095 4577 atque
1119 4489 1154 4557 in
1187 4492 1272 4559 Arte
1296 4486 1408 4559 Ovidii
