<?xml version="1.0" encoding="UTF-8"?>
<!DOCTYPE html PUBLIC "-//W3C//DTD XHTML 1.0 Transitional//EN"
    "http://www.w3.org/TR/xhtml1/DTD/xhtml1-transitional.dtd">
<html xmlns="http://www.w3.org/1999/xhtml" xml:lang="en" lang="en">
 <head>
  <title>
</title>
<meta http-equiv="Content-Type" content="text/html;charset=utf-8" />
  <meta name='ocr-system' content='tesseract 3.04.00' />
  <meta name='ocr-capabilities' content='ocr_page ocr_carea ocr_par ocr_line ocrx_word'/>
</head>
<body>
  <div class='ocr_page' id='page_1' title='image "./dequartopropert01voiggoog_0094.png"; bbox 0 0 3166 5146; ppageno 0'>
   <div class='ocr_carea' id='block_1_1' title="bbox 689 259 898 326">
    <p class='ocr_par' dir='ltr' id='par_1_1' title="bbox 689 259 898 326">
     <span class='ocr_line' id='line_1_1' title="bbox 689 259 898 326; baseline 0 -20"><span class='ocrx_word' id='word_1_1' title='bbox 689 259 898 326; x_wconf 75' lang='grc'>..89-</span> 
     </span>
    </p>
   </div>
   <div class='ocr_carea' id='block_1_2' title="bbox 152 465 1431 680">
    <p class='ocr_par' dir='ltr' id='par_1_2' title="bbox 152 465 1431 680">
     <span class='ocr_line' id='line_1_2' title="bbox 152 465 1431 558; baseline 0.001 -20"><span class='ocrx_word' id='word_1_2' title='bbox 152 467 184 538; x_wconf 91' lang='lat' dir='ltr'><strong>ei</strong></span> <span class='ocrx_word' id='word_1_3' title='bbox 205 466 352 538; x_wconf 86' lang='lat' dir='ltr'><strong>salutem</strong></span> <span class='ocrx_word' id='word_1_4' title='bbox 373 487 475 556; x_wconf 87' lang='lat' dir='ltr'><strong>quam</strong></span> <span class='ocrx_word' id='word_1_5' title='bbox 495 469 597 556; x_wconf 86' lang='lat' dir='ltr'><strong>petit,</strong></span> <span class='ocrx_word' id='word_1_6' title='bbox 616 487 686 536; x_wconf 87' lang='lat' dir='ltr'><strong>non</strong></span> <span class='ocrx_word' id='word_1_7' title='bbox 705 465 788 537; x_wconf 89' lang='lat' dir='ltr'><strong>deas</strong></span> <span class='ocrx_word' id='word_1_8' title='bbox 809 486 895 555; x_wconf 90' lang='lat' dir='ltr'><strong>quas</strong></span> <span class='ocrx_word' id='word_1_9' title='bbox 916 466 1082 555; x_wconf 81' lang='lat' dir='ltr'><strong>implorat</strong></span> <span class='ocrx_word' id='word_1_10' title='bbox 1097 466 1259 556; x_wconf 82' lang='lat' dir='ltr'>cuiquam</span> <span class='ocrx_word' id='word_1_11' title='bbox 1274 468 1431 558; x_wconf 89' lang='lat' dir='ltr'><strong>opponit;</strong></span> 
     </span>
     <span class='ocr_line' id='line_1_3' title="bbox 153 590 530 680; baseline 0 -20"><span class='ocrx_word' id='word_1_12' title='bbox 153 590 300 679; x_wconf 88' lang='lat' dir='ltr'><strong>denique</strong></span> <span class='ocrx_word' id='word_1_13' title='bbox 319 591 348 680; x_wconf 88' lang='grc' dir='ltr'><strong>Ι,</strong></span> <span class='ocrx_word' id='word_1_14' title='bbox 372 592 407 678; x_wconf 89' lang='lat'><strong>5,</strong></span> <span class='ocrx_word' id='word_1_15' title='bbox 429 593 463 661; x_wconf 84' lang='grc'><strong>9.</strong></span> <span class='ocrx_word' id='word_1_16' title='bbox 485 611 530 662; x_wconf 90' lang='lat' dir='ltr'><strong>s.:</strong></span> 
     </span>
    </p>
   </div>
   <div class='ocr_carea' id='block_1_3' title="bbox 261 761 1108 997">
    <p class='ocr_par' dir='ltr' id='par_1_3' title="bbox 261 761 1108 997">
     <span class='ocr_line' id='line_1_4' title="bbox 261 761 1093 873; baseline -0.002 -19"><span class='ocrx_word' id='word_1_17' title='bbox 261 785 359 873; x_wconf 79' lang='lat' dir='ltr'><strong>Quae</strong></span> <span class='ocrx_word' id='word_1_18' title='bbox 379 787 408 855; x_wconf 91' lang='lat' dir='ltr'><strong>si</strong></span> <span class='ocrx_word' id='word_1_19' title='bbox 427 761 517 856; x_wconf 87' lang='lat' dir='ltr'><strong>forte</strong></span> <span class='ocrx_word' id='word_1_20' title='bbox 537 786 608 855; x_wconf 91' lang='lat' dir='ltr'><strong>tuis</strong></span> <span class='ocrx_word' id='word_1_21' title='bbox 626 805 694 854; x_wconf 93' lang='lat' dir='ltr'><strong>nou</strong></span> <span class='ocrx_word' id='word_1_22' title='bbox 713 790 768 855; x_wconf 88' lang='lat' dir='ltr'><strong>est</strong></span> <span class='ocrx_word' id='word_1_23' title='bbox 786 784 966 855; x_wconf 91' lang='lat' dir='ltr'><strong>contraria</strong></span> <span class='ocrx_word' id='word_1_24' title='bbox 984 783 1093 854; x_wconf 90' lang='lat' dir='ltr'><strong>votis:</strong></span> 
     </span>
     <span class='ocr_line' id='line_1_5' title="bbox 314 907 1108 997; baseline -0.004 -18"><span class='ocrx_word' id='word_1_25' title='bbox 314 908 362 979; x_wconf 88' lang='lat' dir='ltr'><strong>At</strong></span> <span class='ocrx_word' id='word_1_26' title='bbox 381 908 447 979; x_wconf 93' lang='lat' dir='ltr'><strong>tibi</strong></span> <span class='ocrx_word' id='word_1_27' title='bbox 467 929 630 997; x_wconf 78' lang='lat' dir='ltr'><strong>curarum</strong></span> <span class='ocrx_word' id='word_1_28' title='bbox 649 908 757 979; x_wconf 92' lang='lat' dir='ltr'><strong>millia</strong></span> <span class='ocrx_word' id='word_1_29' title='bbox 777 913 905 997; x_wconf 87' lang='lat' dir='ltr'><strong>quanta</strong></span> <span class='ocrx_word' id='word_1_30' title='bbox 925 907 1037 978; x_wconf 83' lang='lat' dir='ltr'><strong>dabit!</strong></span> <span class='ocrx_word' id='word_1_31' title='bbox 1060 946 1108 959; x_wconf 91' lang='lat'><em>-</em></span> 
     </span>
    </p>
   </div>
   <div class='ocr_carea' id='block_1_4' title="bbox 153 1099 1437 2668">
    <p class='ocr_par' dir='ltr' id='par_1_4' title="bbox 153 1099 1437 2668">
     <span class='ocr_line' id='line_1_6' title="bbox 153 1099 1432 1190; baseline 0.002 -20"><span class='ocrx_word' id='word_1_32' title='bbox 153 1121 233 1171; x_wconf 89' lang='lat' dir='ltr'><strong>nam</strong></span> <span class='ocrx_word' id='word_1_33' title='bbox 263 1100 467 1190; x_wconf 86' lang='lat' dir='ltr'><strong>obsequium</strong></span> <span class='ocrx_word' id='word_1_34' title='bbox 495 1102 649 1173; x_wconf 92' lang='lat' dir='ltr'><strong>eiusdem</strong></span> <span class='ocrx_word' id='word_1_35' title='bbox 673 1107 726 1171; x_wconf 86' lang='lat' dir='ltr'><strong>est</strong></span> <span class='ocrx_word' id='word_1_36' title='bbox 746 1099 916 1190; x_wconf 79' lang='lat' dir='ltr'>Cynthiae</span> <span class='ocrx_word' id='word_1_37' title='bbox 936 1120 1024 1189; x_wconf 87' lang='lat' dir='ltr'><strong>quae</strong></span> <span class='ocrx_word' id='word_1_38' title='bbox 1044 1121 1206 1171; x_wconf 89' lang='lat' dir='ltr'><strong>curarum</strong></span> <span class='ocrx_word' id='word_1_39' title='bbox 1225 1106 1346 1173; x_wconf 83' lang='lat' dir='ltr'><strong>auctor</strong></span> <span class='ocrx_word' id='word_1_40' title='bbox 1367 1107 1432 1172; x_wconf 91' lang='lat' dir='ltr'><strong>est.</strong></span> 
     </span>
     <span class='ocr_line' id='line_1_7' title="bbox 156 1221 1434 1316; baseline 0.001 -22"><span class='ocrx_word' id='word_1_41' title='bbox 156 1262 202 1276; x_wconf 96' lang='lat'>-</span> <span class='ocrx_word' id='word_1_42' title='bbox 224 1225 302 1294; x_wconf 88' lang='lat' dir='ltr'><strong>Hoc</strong></span> <span class='ocrx_word' id='word_1_43' title='bbox 320 1225 363 1294; x_wconf 91' lang='lat' dir='ltr'><strong>de</strong></span> <span class='ocrx_word' id='word_1_44' title='bbox 381 1245 446 1295; x_wconf 93' lang='lat' dir='ltr'><strong>usu</strong></span> <span class='ocrx_word' id='word_1_45' title='bbox 465 1230 506 1295; x_wconf 88' lang='lat' dir='ltr'><strong>at</strong></span> <span class='ocrx_word' id='word_1_46' title='bbox 525 1221 717 1314; x_wconf 83' lang='lat' dir='ltr'><strong>particulae</strong></span> <span class='ocrx_word' id='word_1_47' title='bbox 736 1224 939 1294; x_wconf 89' lang='lat' dir='ltr'><strong>Dietschius</strong></span> <span class='ocrx_word' id='word_1_48' title='bbox 968 1223 1012 1293; x_wconf 93' lang='lat' dir='ltr'><strong>ad</strong></span> <span class='ocrx_word' id='word_1_49' title='bbox 1033 1222 1174 1295; x_wconf 87' lang='lat' dir='ltr'><strong>Sallust.</strong></span> <span class='ocrx_word' id='word_1_50' title='bbox 1194 1225 1270 1314; x_wconf 85' lang='lat' dir='ltr'><strong>lug.</strong></span> <span class='ocrx_word' id='word_1_51' title='bbox 1294 1228 1354 1296; x_wconf 83' lang='lat'><strong>26.</strong></span> <span class='ocrx_word' id='word_1_52' title='bbox 1384 1227 1434 1316; x_wconf 83' lang='lat' dir='ltr'><strong>(in</strong></span> 
     </span>
     <span class='ocr_line' id='line_1_8' title="bbox 154 1346 1433 1439; baseline 0.002 -23"><span class='ocrx_word' id='word_1_53' title='bbox 154 1347 310 1419; x_wconf 85' lang='lat' dir='ltr'><strong>editione</strong></span> <span class='ocrx_word' id='word_1_54' title='bbox 329 1348 407 1419; x_wconf 89' lang='lat' dir='ltr'><strong>anni</strong></span> <span class='ocrx_word' id='word_1_55' title='bbox 431 1350 546 1439; x_wconf 83' lang='lat'>1845)</span> <span class='ocrx_word' id='word_1_56' title='bbox 566 1346 733 1437; x_wconf 87' lang='lat' dir='ltr'><strong>disputat,</strong></span> <span class='ocrx_word' id='word_1_57' title='bbox 763 1348 822 1436; x_wconf 89' lang='lat' dir='ltr'><strong>qui</strong></span> <span class='ocrx_word' id='word_1_58' title='bbox 843 1348 980 1437; x_wconf 89' lang='lat' dir='ltr'><strong>quidem</strong></span> <span class='ocrx_word' id='word_1_59' title='bbox 1001 1354 1038 1418; x_wconf 92' lang='lat' dir='ltr'><strong>et</strong></span> <span class='ocrx_word' id='word_1_60' title='bbox 1056 1348 1206 1418; x_wconf 88' lang='lat' dir='ltr'><strong>solemne</strong></span> <span class='ocrx_word' id='word_1_61' title='bbox 1224 1368 1300 1419; x_wconf 91' lang='lat' dir='ltr'><strong>esse</strong></span> <span class='ocrx_word' id='word_1_62' title='bbox 1320 1348 1433 1438; x_wconf 90' lang='lat' dir='ltr'><strong>docet,</strong></span> 
     </span>
     <span class='ocr_line' id='line_1_9' title="bbox 155 1466 1434 1561; baseline 0.003 -22"><span class='ocrx_word' id='word_1_63' title='bbox 155 1475 194 1540; x_wconf 87' lang='lat' dir='ltr'><strong>ut</strong></span> <span class='ocrx_word' id='word_1_64' title='bbox 221 1466 330 1560; x_wconf 87' lang='lat' dir='ltr'><strong>ipsam</strong></span> <span class='ocrx_word' id='word_1_65' title='bbox 358 1471 567 1560; x_wconf 90' lang='lat' dir='ltr'><strong>particulam</strong></span> <span class='ocrx_word' id='word_1_66' title='bbox 595 1472 714 1542; x_wconf 92' lang='lat' dir='ltr'><strong>statim</strong></span> <span class='ocrx_word' id='word_1_67' title='bbox 741 1492 866 1542; x_wconf 92' lang='lat' dir='ltr'><strong>nomen</strong></span> <span class='ocrx_word' id='word_1_68' title='bbox 894 1472 1074 1561; x_wconf 87' lang='lat' dir='ltr'><strong>proprium</strong></span> <span class='ocrx_word' id='word_1_69' title='bbox 1097 1472 1152 1542; x_wconf 92' lang='lat' dir='ltr'><strong>vel</strong></span> <span class='ocrx_word' id='word_1_70' title='bbox 1174 1471 1242 1542; x_wconf 89' lang='lat' dir='ltr'><strong>alia</strong></span> <span class='ocrx_word' id='word_1_71' title='bbox 1265 1491 1434 1560; x_wconf 88' lang='lat' dir='ltr'><strong>personae</strong></span> 
     </span>
     <span class='ocr_line' id='line_1_10' title="bbox 156 1593 1435 1686; baseline 0.001 -22"><span class='ocrx_word' id='word_1_72' title='bbox 156 1593 379 1683; x_wconf 85' lang='lat' dir='ltr'><strong>significatio,</strong></span> <span class='ocrx_word' id='word_1_73' title='bbox 410 1595 570 1684; x_wconf 90' lang='lat' dir='ltr'><strong>inprimis</strong></span> <span class='ocrx_word' id='word_1_74' title='bbox 599 1615 785 1685; x_wconf 86' lang='lat' dir='ltr'><strong>pronomen</strong></span> <span class='ocrx_word' id='word_1_75' title='bbox 810 1595 977 1686; x_wconf 85' lang='lat' dir='ltr'><strong>excipiat,</strong></span> <span class='ocrx_word' id='word_1_76' title='bbox 1008 1600 1043 1665; x_wconf 92' lang='lat' dir='ltr'><strong>et</strong></span> <span class='ocrx_word' id='word_1_77' title='bbox 1063 1595 1317 1684; x_wconf 90' lang='lat' dir='ltr'><strong>oppositionem</strong></span> <span class='ocrx_word' id='word_1_78' title='bbox 1337 1594 1435 1665; x_wconf 87' lang='lat' dir='ltr'><strong>addit</strong></span> 
     </span>
     <span class='ocr_line' id='line_1_11' title="bbox 156 1717 1433 1808; baseline 0.002 -20"><span class='ocrx_word' id='word_1_79' title='bbox 156 1717 248 1788; x_wconf 91' lang='lat' dir='ltr'><strong>haud</strong></span> <span class='ocrx_word' id='word_1_80' title='bbox 267 1739 350 1789; x_wconf 87' lang='lat' dir='ltr'><strong>raro</strong></span> <span class='ocrx_word' id='word_1_81' title='bbox 371 1719 423 1789; x_wconf 90' lang='lat' dir='ltr'><strong>rei</strong></span> <span class='ocrx_word' id='word_1_82' title='bbox 443 1739 530 1808; x_wconf 90' lang='lat' dir='ltr'><strong>esse,</strong></span> <span class='ocrx_word' id='word_1_83' title='bbox 551 1739 620 1789; x_wconf 93' lang='lat' dir='ltr'><strong>non</strong></span> <span class='ocrx_word' id='word_1_84' title='bbox 639 1739 816 1807; x_wconf 89' lang='lat' dir='ltr'><strong>personae.</strong></span> <span class='ocrx_word' id='word_1_85' title='bbox 838 1717 904 1789; x_wconf 88' lang='lat' dir='ltr'><strong>Sed</strong></span> <span class='ocrx_word' id='word_1_86' title='bbox 924 1717 969 1789; x_wconf 91' lang='lat' dir='ltr'><strong>ad</strong></span> <span class='ocrx_word' id='word_1_87' title='bbox 987 1718 1075 1788; x_wconf 88' lang='lat' dir='ltr'><strong>hanc</strong></span> <span class='ocrx_word' id='word_1_88' title='bbox 1095 1717 1356 1789; x_wconf 89' lang='lat' dir='ltr'><strong>similitudinem</strong></span> <span class='ocrx_word' id='word_1_89' title='bbox 1375 1720 1433 1790; x_wconf 89' lang='lat' dir='ltr'><strong>hio</strong></span> 
     </span>
     <span class='ocr_line' id='line_1_12' title="bbox 157 1842 1435 1933; baseline -0.001 -21"><span class='ocrx_word' id='word_1_90' title='bbox 157 1861 293 1932; x_wconf 90' lang='lat' dir='ltr'><strong>quoque</strong></span> <span class='ocrx_word' id='word_1_91' title='bbox 322 1842 453 1914; x_wconf 83' lang='lat' dir='ltr'><strong>dictum</strong></span> <span class='ocrx_word' id='word_1_92' title='bbox 481 1848 548 1929; x_wconf 91' lang='lat' dir='ltr'><strong>est,</strong></span> <span class='ocrx_word' id='word_1_93' title='bbox 579 1863 691 1933; x_wconf 91' lang='lat' dir='ltr'><strong>neque</strong></span> <span class='ocrx_word' id='word_1_94' title='bbox 721 1848 776 1913; x_wconf 88' lang='lat' dir='ltr'><strong>est</strong></span> <span class='ocrx_word' id='word_1_95' title='bbox 798 1842 1032 1931; x_wconf 91' lang='lat' dir='ltr'><strong>quaerendum</strong></span> <span class='ocrx_word' id='word_1_96' title='bbox 1054 1842 1110 1912; x_wconf 92' lang='lat' dir='ltr'><strong>cui</strong></span> <span class='ocrx_word' id='word_1_97' title='bbox 1129 1842 1205 1931; x_wconf 90' lang='lat' dir='ltr'><strong>ipsa</strong></span> <span class='ocrx_word' id='word_1_98' title='bbox 1224 1863 1262 1912; x_wconf 92' lang='lat' dir='ltr'><strong>se</strong></span> <span class='ocrx_word' id='word_1_99' title='bbox 1282 1847 1435 1930; x_wconf 86' lang='lat' dir='ltr'><strong>opponat</strong></span> 
     </span>
     <span class='ocr_line' id='line_1_13' title="bbox 158 1963 1434 2056; baseline 0 -20"><span class='ocrx_word' id='word_1_100' title='bbox 158 1963 322 2055; x_wconf 79' lang='lat' dir='ltr'><strong>Cynthia,</strong></span> <span class='ocrx_word' id='word_1_101' title='bbox 351 1965 413 2037; x_wconf 88' lang='lat' dir='ltr'><strong>sed</strong></span> <span class='ocrx_word' id='word_1_102' title='bbox 441 1987 544 2056; x_wconf 91' lang='lat' dir='ltr'><strong>quam</strong></span> <span class='ocrx_word' id='word_1_103' title='bbox 572 1987 648 2036; x_wconf 92' lang='lat' dir='ltr'><strong>rem</strong></span> <span class='ocrx_word' id='word_1_104' title='bbox 677 1966 734 2036; x_wconf 92' lang='lat' dir='ltr'><strong>cui</strong></span> <span class='ocrx_word' id='word_1_105' title='bbox 763 1967 813 2036; x_wconf 93' lang='lat' dir='ltr'><strong>rei</strong></span> <span class='ocrx_word' id='word_1_106' title='bbox 842 1970 1005 2054; x_wconf 89' lang='lat' dir='ltr'><strong>opponat.</strong></span> <span class='ocrx_word' id='word_1_107' title='bbox 1043 1963 1131 2036; x_wconf 77' lang='lat' dir='ltr'><strong>Cum</strong></span> <span class='ocrx_word' id='word_1_108' title='bbox 1160 1970 1277 2035; x_wconf 86' lang='lat' dir='ltr'><strong>autem</strong></span> <span class='ocrx_word' id='word_1_109' title='bbox 1301 1964 1344 2035; x_wconf 91' lang='lat' dir='ltr'><strong>ab</strong></span> <span class='ocrx_word' id='word_1_110' title='bbox 1368 1965 1434 2036; x_wconf 92' lang='lat' dir='ltr'><strong>hoc</strong></span> 
     </span>
     <span class='ocr_line' id='line_1_14' title="bbox 158 2088 1434 2179; baseline 0.002 -23"><span class='ocrx_word' id='word_1_111' title='bbox 158 2108 261 2159; x_wconf 81' lang='lat' dir='ltr'><strong>versu</strong></span> <span class='ocrx_word' id='word_1_112' title='bbox 278 2110 450 2178; x_wconf 84' lang='lat' dir='ltr'><strong>exponere</strong></span> <span class='ocrx_word' id='word_1_113' title='bbox 468 2090 623 2178; x_wconf 88' lang='lat' dir='ltr'><strong>incipiat,</strong></span> <span class='ocrx_word' id='word_1_114' title='bbox 650 2096 812 2179; x_wconf 89' lang='lat' dir='ltr'><strong>quantam</strong></span> <span class='ocrx_word' id='word_1_115' title='bbox 832 2094 971 2159; x_wconf 88' lang='lat' dir='ltr'><strong>mortua</strong></span> <span class='ocrx_word' id='word_1_116' title='bbox 990 2089 1025 2158; x_wconf 92' lang='lat' dir='ltr'><strong>in</strong></span> <span class='ocrx_word' id='word_1_117' title='bbox 1044 2088 1311 2160; x_wconf 89' lang='lat' dir='ltr'><strong>contemtionem</strong></span> <span class='ocrx_word' id='word_1_118' title='bbox 1331 2109 1434 2158; x_wconf 91' lang='lat' dir='ltr'><strong>vene-</strong></span> 
     </span>
     <span class='ocr_line' id='line_1_15' title="bbox 160 2210 1434 2303; baseline 0.001 -23"><span class='ocrx_word' id='word_1_119' title='bbox 160 2211 219 2301; x_wconf 90' lang='lat' dir='ltr'><strong>rit,</strong></span> <span class='ocrx_word' id='word_1_120' title='bbox 248 2233 354 2302; x_wconf 89' lang='lat' dir='ltr'><strong>supra</strong></span> <span class='ocrx_word' id='word_1_121' title='bbox 374 2235 462 2303; x_wconf 88' lang='lat' dir='ltr'><strong>quae</strong></span> <span class='ocrx_word' id='word_1_122' title='bbox 480 2214 559 2284; x_wconf 89' lang='lat' dir='ltr'><strong>viva</strong></span> <span class='ocrx_word' id='word_1_123' title='bbox 577 2213 761 2301; x_wconf 89' lang='lat' dir='ltr'><strong>Propertio</strong></span> <span class='ocrx_word' id='word_1_124' title='bbox 780 2219 882 2302; x_wconf 85' lang='lat' dir='ltr'><strong>grata</strong></span> <span class='ocrx_word' id='word_1_125' title='bbox 900 2210 1025 2283; x_wconf 84' lang='lat' dir='ltr'><strong>fecerit</strong></span> <span class='ocrx_word' id='word_1_126' title='bbox 1044 2219 1242 2283; x_wconf 88' lang='lat' dir='ltr'><strong>recenseat:</strong></span> <span class='ocrx_word' id='word_1_127' title='bbox 1274 2212 1350 2300; x_wconf 89' lang='lat' dir='ltr'><strong>quis</strong></span> <span class='ocrx_word' id='word_1_128' title='bbox 1370 2211 1434 2281; x_wconf 91' lang='lat' dir='ltr'><strong>du-</strong></span> 
     </span>
     <span class='ocr_line' id='line_1_16' title="bbox 158 2310 1435 2427; baseline 0 -23"><span class='ocrx_word' id='word_1_129' title='bbox 158 2332 243 2405; x_wconf 90' lang='lat' dir='ltr'><strong>bitet</strong></span> <span class='ocrx_word' id='word_1_130' title='bbox 272 2337 356 2425; x_wconf 91' lang='lat' dir='ltr'><strong>quin</strong></span> <span class='ocrx_word' id='word_1_131' title='bbox 384 2341 425 2406; x_wconf 86' lang='lat' dir='ltr'><strong>at</strong></span> <span class='ocrx_word' id='word_1_132' title='bbox 448 2337 621 2427; x_wconf 88' lang='lat' dir='ltr'><strong>particula</strong></span> <span class='ocrx_word' id='word_1_133' title='bbox 649 2337 734 2406; x_wconf 89' lang='lat' dir='ltr'><strong>haec</strong></span> <span class='ocrx_word' id='word_1_134' title='bbox 761 2310 835 2422; x_wconf 82' lang='lat' dir='ltr'><strong>ipsa</strong></span> <span class='ocrx_word' id='word_1_135' title='bbox 858 2335 949 2404; x_wconf 89' lang='lat' dir='ltr'><strong>ratio</strong></span> <span class='ocrx_word' id='word_1_136' title='bbox 969 2334 1190 2404; x_wconf 84' lang='lat' dir='ltr'><strong>declaretur?</strong></span> <span class='ocrx_word' id='word_1_137' title='bbox 1208 2372 1261 2386; x_wconf 88' lang='lat'><em>-</em></span> <span class='ocrx_word' id='word_1_138' title='bbox 1280 2335 1328 2403; x_wconf 88' lang='lat' dir='ltr'><strong>At</strong></span> <span class='ocrx_word' id='word_1_139' title='bbox 1348 2355 1435 2422; x_wconf 92' lang='lat' dir='ltr'><strong>quae</strong></span> 
     </span>
     <span class='ocr_line' id='line_1_17' title="bbox 155 2435 1437 2548; baseline 0 -22"><span class='ocrx_word' id='word_1_140' title='bbox 155 2459 313 2548; x_wconf 88' lang='lat' dir='ltr'><strong>proxime</strong></span> <span class='ocrx_word' id='word_1_141' title='bbox 338 2457 565 2546; x_wconf 86' lang='lat' dir='ltr'><strong>antecedunt,</strong></span> <span class='ocrx_word' id='word_1_142' title='bbox 594 2458 640 2526; x_wconf 87' lang='lat' dir='ltr'><strong>iis</strong></span> <span class='ocrx_word' id='word_1_143' title='bbox 666 2458 734 2526; x_wconf 90' lang='lat' dir='ltr'><strong>iam</strong></span> <span class='ocrx_word' id='word_1_144' title='bbox 758 2477 826 2526; x_wconf 90' lang='lat' dir='ltr'><strong>non</strong></span> <span class='ocrx_word' id='word_1_145' title='bbox 845 2457 888 2527; x_wconf 92' lang='lat' dir='ltr'><strong>de</strong></span> <span class='ocrx_word' id='word_1_146' title='bbox 908 2435 1067 2544; x_wconf 85' lang='lat' dir='ltr'><strong>pristinis</strong></span> <span class='ocrx_word' id='word_1_147' title='bbox 1086 2455 1264 2527; x_wconf 87' lang='lat' dir='ltr'><strong>beneficiis</strong></span> <span class='ocrx_word' id='word_1_148' title='bbox 1281 2456 1437 2546; x_wconf 89' lang='lat' dir='ltr'><strong>loquitur</strong></span> 
     </span>
     <span class='ocr_line' id='line_1_18' title="bbox 158 2577 1317 2668; baseline 0 -18"><span class='ocrx_word' id='word_1_149' title='bbox 158 2579 220 2651; x_wconf 92' lang='lat' dir='ltr'><strong>sed</strong></span> <span class='ocrx_word' id='word_1_150' title='bbox 240 2580 283 2650; x_wconf 94' lang='lat' dir='ltr'><strong>de</strong></span> <span class='ocrx_word' id='word_1_151' title='bbox 303 2577 443 2649; x_wconf 90' lang='lat' dir='ltr'><strong>foedere</strong></span> <span class='ocrx_word' id='word_1_152' title='bbox 462 2580 590 2650; x_wconf 86' lang='lat' dir='ltr'><strong>violato</strong></span> <span class='ocrx_word' id='word_1_153' title='bbox 611 2579 785 2668; x_wconf 83' lang='lat' dir='ltr'><strong>queritur3</strong></span> <span class='ocrx_word' id='word_1_154' title='bbox 805 2579 892 2651; x_wconf 90' lang='lat' dir='ltr'><strong>haec</strong></span> <span class='ocrx_word' id='word_1_155' title='bbox 913 2579 1002 2650; x_wconf 91' lang='lat' dir='ltr'><strong>enim</strong></span> <span class='ocrx_word' id='word_1_156' title='bbox 1021 2581 1074 2650; x_wconf 90' lang='lat' dir='ltr'><strong>vis</strong></span> <span class='ocrx_word' id='word_1_157' title='bbox 1095 2587 1147 2651; x_wconf 89' lang='lat' dir='ltr'><strong>est</strong></span> <span class='ocrx_word' id='word_1_158' title='bbox 1165 2580 1317 2650; x_wconf 89' lang='lat' dir='ltr'><strong>illorum:</strong></span> 
     </span>
    </p>
   </div>
   <div class='ocr_carea' id='block_1_5' title="bbox 263 2771 1076 2987">
    <p class='ocr_par' dir='ltr' id='par_1_5' title="bbox 263 2771 1076 2987">
     <span class='ocr_line' id='line_1_19' title="bbox 263 2771 1076 2845; baseline 0.002 -2"><span class='ocrx_word' id='word_1_159' title='bbox 263 2771 433 2843; x_wconf 82' lang='lat' dir='ltr'><strong>Foederis</strong></span> <span class='ocrx_word' id='word_1_160' title='bbox 453 2772 522 2842; x_wconf 92' lang='lat' dir='ltr'><strong>heu</strong></span> <span class='ocrx_word' id='word_1_161' title='bbox 541 2774 654 2844; x_wconf 79' lang='lat' dir='ltr'><strong>taciti!</strong></span> <span class='ocrx_word' id='word_1_162' title='bbox 686 2773 794 2844; x_wconf 80' lang='lat' dir='ltr'><strong>Cuius</strong></span> <span class='ocrx_word' id='word_1_163' title='bbox 813 2771 949 2843; x_wconf 85' lang='lat' dir='ltr'><strong>fallacia</strong></span> <span class='ocrx_word' id='word_1_164' title='bbox 969 2773 1076 2845; x_wconf 87' lang='lat' dir='ltr'><strong>verba</strong></span> 
     </span>
     <span class='ocr_line' id='line_1_20' title="bbox 316 2894 941 2987; baseline 0 -21"><span class='ocrx_word' id='word_1_165' title='bbox 316 2894 394 2966; x_wconf 91' lang='lat' dir='ltr'><strong>Non</strong></span> <span class='ocrx_word' id='word_1_166' title='bbox 414 2896 567 2967; x_wconf 88' lang='lat' dir='ltr'><strong>audituri</strong></span> <span class='ocrx_word' id='word_1_167' title='bbox 588 2897 762 2987; x_wconf 90' lang='lat' dir='ltr'><strong>diripuere</strong></span> <span class='ocrx_word' id='word_1_168' title='bbox 782 2896 877 2967; x_wconf 90' lang='lat' dir='ltr'><strong>Noti.</strong></span> <span class='ocrx_word' id='word_1_169' title='bbox 890 2937 941 2946; x_wconf 89' lang='lat'>—</span> 
     </span>
    </p>
   </div>
   <div class='ocr_carea' id='block_1_6' title="bbox 156 3103 1434 3565">
    <p class='ocr_par' dir='ltr' id='par_1_6' title="bbox 156 3103 1434 3565">
     <span class='ocr_line' id='line_1_21' title="bbox 157 3103 1434 3195; baseline -0.002 -17"><span class='ocrx_word' id='word_1_170' title='bbox 157 3108 287 3195; x_wconf 88' lang='lat' dir='ltr'><strong>Audio;</strong></span> <span class='ocrx_word' id='word_1_171' title='bbox 309 3106 369 3177; x_wconf 88' lang='lat' dir='ltr'><strong>sed</strong></span> <span class='ocrx_word' id='word_1_172' title='bbox 391 3107 564 3194; x_wconf 90' lang='lat' dir='ltr'><strong>oppositio</strong></span> <span class='ocrx_word' id='word_1_173' title='bbox 584 3127 651 3176; x_wconf 93' lang='lat' dir='ltr'><strong>non</strong></span> <span class='ocrx_word' id='word_1_174' title='bbox 670 3126 808 3195; x_wconf 91' lang='lat' dir='ltr'><strong>semper</strong></span> <span class='ocrx_word' id='word_1_175' title='bbox 827 3103 870 3175; x_wconf 93' lang='lat' dir='ltr'><strong>ad</strong></span> <span class='ocrx_word' id='word_1_176' title='bbox 890 3106 1045 3194; x_wconf 86' lang='lat' dir='ltr'><strong>proxime</strong></span> <span class='ocrx_word' id='word_1_177' title='bbox 1060 3125 1218 3195; x_wconf 90' lang='lat' dir='ltr'><strong>quaeque</strong></span> <span class='ocrx_word' id='word_1_178' title='bbox 1229 3107 1434 3176; x_wconf 88' lang='lat' dir='ltr'><strong>anteceden-</strong></span> 
     </span>
     <span class='ocr_line' id='line_1_22' title="bbox 156 3227 1433 3325; baseline -0.001 -23"><span class='ocrx_word' id='word_1_179' title='bbox 156 3233 223 3318; x_wconf 84' lang='lat' dir='ltr'><strong>tia,</strong></span> <span class='ocrx_word' id='word_1_180' title='bbox 254 3230 316 3302; x_wconf 92' lang='lat' dir='ltr'><strong>sed</strong></span> <span class='ocrx_word' id='word_1_181' title='bbox 345 3229 439 3306; x_wconf 91' lang='lat' dir='ltr'><strong>haud</strong></span> <span class='ocrx_word' id='word_1_182' title='bbox 467 3250 548 3300; x_wconf 92' lang='lat' dir='ltr'><strong>raro</strong></span> <span class='ocrx_word' id='word_1_183' title='bbox 577 3227 620 3300; x_wconf 87' lang='lat' dir='ltr'><strong>ad</strong></span> <span class='ocrx_word' id='word_1_184' title='bbox 647 3230 854 3319; x_wconf 85' lang='lat' dir='ltr'><strong>gravissima</strong></span> <span class='ocrx_word' id='word_1_185' title='bbox 885 3249 1043 3319; x_wconf 87' lang='lat' dir='ltr'><strong>quaeque</strong></span> <span class='ocrx_word' id='word_1_186' title='bbox 1076 3250 1118 3300; x_wconf 84' lang='lat' dir='ltr'><strong>ex</strong></span> <span class='ocrx_word' id='word_1_187' title='bbox 1146 3229 1433 3325; x_wconf 86' lang='lat' dir='ltr'><strong>antecedentibus</strong></span> 
     </span>
     <span class='ocr_line' id='line_1_23' title="bbox 158 3353 1433 3445; baseline -0.002 -19"><span class='ocrx_word' id='word_1_188' title='bbox 158 3359 303 3445; x_wconf 87' lang='lat' dir='ltr'><strong>spectat,</strong></span> <span class='ocrx_word' id='word_1_189' title='bbox 323 3358 363 3423; x_wconf 92' lang='lat' dir='ltr'><strong>ut</strong></span> <span class='ocrx_word' id='word_1_190' title='bbox 381 3354 472 3422; x_wconf 90' lang='lat' dir='ltr'><strong>inter</strong></span> <span class='ocrx_word' id='word_1_191' title='bbox 492 3373 532 3422; x_wconf 89' lang='lat' dir='ltr'><strong>ea</strong></span> <span class='ocrx_word' id='word_1_192' title='bbox 551 3374 641 3442; x_wconf 90' lang='lat' dir='ltr'><strong>quae</strong></span> <span class='ocrx_word' id='word_1_193' title='bbox 662 3354 915 3444; x_wconf 90' lang='lat' dir='ltr'><strong>oppositionem</strong></span> <span class='ocrx_word' id='word_1_194' title='bbox 934 3354 1111 3424; x_wconf 89' lang='lat' dir='ltr'><strong>sustinent</strong></span> <span class='ocrx_word' id='word_1_195' title='bbox 1124 3353 1192 3424; x_wconf 91' lang='lat' dir='ltr'><strong>alia</strong></span> <span class='ocrx_word' id='word_1_196' title='bbox 1206 3353 1346 3424; x_wconf 90' lang='lat' dir='ltr'><strong>levioris</strong></span> <span class='ocrx_word' id='word_1_197' title='bbox 1361 3375 1433 3424; x_wconf 94' lang='lat' dir='ltr'><strong>mo·</strong></span> 
     </span>
     <span class='ocr_line' id='line_1_24' title="bbox 157 3476 1433 3565; baseline -0.001 -16"><span class='ocrx_word' id='word_1_198' title='bbox 157 3479 264 3549; x_wconf 87' lang='lat' dir='ltr'><strong>menti</strong></span> <span class='ocrx_word' id='word_1_199' title='bbox 282 3476 512 3547; x_wconf 85' lang='lat' dir='ltr'><strong>intercedant.</strong></span> <span class='ocrx_word' id='word_1_200' title='bbox 534 3476 636 3547; x_wconf 89' lang='lat' dir='ltr'><strong>Hunc</strong></span> <span class='ocrx_word' id='word_1_201' title='bbox 656 3478 692 3546; x_wconf 92' lang='lat' dir='ltr'><strong>in</strong></span> <span class='ocrx_word' id='word_1_202' title='bbox 711 3478 850 3548; x_wconf 91' lang='lat' dir='ltr'><strong>modum</strong></span> <span class='ocrx_word' id='word_1_203' title='bbox 870 3478 1015 3565; x_wconf 85' lang='lat' dir='ltr'><strong>111,2o‚</strong></span> <span class='ocrx_word' id='word_1_204' title='bbox 1035 3482 1068 3548; x_wconf 88' lang='lat'><strong>5.</strong></span> <span class='ocrx_word' id='word_1_205' title='bbox 1086 3499 1132 3548; x_wconf 91' lang='lat' dir='ltr'><strong>ss.</strong></span> <span class='ocrx_word' id='word_1_206' title='bbox 1149 3479 1235 3550; x_wconf 88' lang='lat' dir='ltr'><strong>haec</strong></span> <span class='ocrx_word' id='word_1_207' title='bbox 1255 3476 1433 3550; x_wconf 90' lang='lat' dir='ltr'><strong>dicuntur:</strong></span> 
     </span>
    </p>
   </div>
   <div class='ocr_carea' id='block_1_7' title="bbox 263 3686 1176 4274">
    <p class='ocr_par' dir='ltr' id='par_1_7' title="bbox 265 3686 1176 3899">
     <span class='ocr_line' id='line_1_25' title="bbox 265 3686 1176 3777; baseline -0.002 -18"><span class='ocrx_word' id='word_1_208' title='bbox 265 3687 388 3760; x_wconf 82' lang='lat' dir='ltr'><strong>Credis</strong></span> <span class='ocrx_word' id='word_1_209' title='bbox 406 3709 484 3758; x_wconf 93' lang='lat' dir='ltr'><strong>eum</strong></span> <span class='ocrx_word' id='word_1_210' title='bbox 502 3687 571 3757; x_wconf 91' lang='lat' dir='ltr'><strong>iam</strong></span> <span class='ocrx_word' id='word_1_211' title='bbox 590 3707 694 3776; x_wconf 92' lang='lat' dir='ltr'><strong>posse</strong></span> <span class='ocrx_word' id='word_1_212' title='bbox 713 3693 795 3758; x_wconf 89' lang='lat' dir='ltr'><strong>tuae</strong></span> <span class='ocrx_word' id='word_1_213' title='bbox 814 3687 1013 3758; x_wconf 91' lang='lat' dir='ltr'><strong>meminisse</strong></span> <span class='ocrx_word' id='word_1_214' title='bbox 1032 3686 1176 3777; x_wconf 84' lang='lat' dir='ltr'><strong>figurae,</strong></span> 
     </span>
     <span class='ocr_line' id='line_1_26' title="bbox 317 3809 1021 3899; baseline -0.001 -17"><span class='ocrx_word' id='word_1_215' title='bbox 317 3811 450 3882; x_wconf 90' lang='lat' dir='ltr'><strong>Vidisti</strong></span> <span class='ocrx_word' id='word_1_216' title='bbox 470 3812 599 3881; x_wconf 91' lang='lat' dir='ltr'><strong>alecto</strong></span> <span class='ocrx_word' id='word_1_217' title='bbox 619 3830 720 3899; x_wconf 92' lang='lat' dir='ltr'><strong>quem</strong></span> <span class='ocrx_word' id='word_1_218' title='bbox 741 3809 824 3881; x_wconf 91' lang='lat' dir='ltr'><strong>dare</strong></span> <span class='ocrx_word' id='word_1_219' title='bbox 843 3811 921 3880; x_wconf 90' lang='lat' dir='ltr'><strong>vela</strong></span> <span class='ocrx_word' id='word_1_220' title='bbox 939 3812 1021 3881; x_wconf 81' lang='lat' dir='ltr'><strong>tuo?</strong></span> 
     </span>
    </p>

    <p class='ocr_par' dir='ltr' id='par_1_8' title="bbox 263 3933 1048 4130">
     <span class='ocr_line' id='line_1_27' title="bbox 263 3933 1047 4025; baseline -0.001 -20"><span class='ocrx_word' id='word_1_221' title='bbox 263 3936 383 4005; x_wconf 91' lang='lat' dir='ltr'><strong>Durus</strong></span> <span class='ocrx_word' id='word_1_222' title='bbox 402 3935 460 4024; x_wconf 92' lang='lat' dir='ltr'><strong>qui</strong></span> <span class='ocrx_word' id='word_1_223' title='bbox 480 3935 595 4023; x_wconf 88' lang='lat' dir='ltr'><strong>potuit</strong></span> <span class='ocrx_word' id='word_1_224' title='bbox 612 3933 710 4005; x_wconf 93' lang='lat' dir='ltr'><strong>lucro</strong></span> <span class='ocrx_word' id='word_1_225' title='bbox 731 3941 866 4005; x_wconf 87' lang='lat' dir='ltr'><strong>mutare</strong></span> <span class='ocrx_word' id='word_1_226' title='bbox 885 3935 1047 4025; x_wconf 91' lang='lat' dir='ltr'><strong>puellam.</strong></span> 
     </span>
     <span class='ocr_line' id='line_1_28' title="bbox 318 4056 1048 4130; baseline -0.001 -2"><span class='ocrx_word' id='word_1_227' title='bbox 318 4057 463 4128; x_wconf 90' lang='lat' dir='ltr'><strong>Tantine</strong></span> <span class='ocrx_word' id='word_1_228' title='bbox 482 4057 537 4128; x_wconf 92' lang='lat' dir='ltr'><strong>his</strong></span> <span class='ocrx_word' id='word_1_229' title='bbox 556 4058 709 4130; x_wconf 86' lang='lat' dir='ltr'><strong>lacrimis</strong></span> <span class='ocrx_word' id='word_1_230' title='bbox 728 4056 849 4129; x_wconf 88' lang='lat' dir='ltr'><strong>Africa</strong></span> <span class='ocrx_word' id='word_1_231' title='bbox 866 4064 942 4129; x_wconf 87' lang='lat' dir='ltr'><strong>tota</strong></span> <span class='ocrx_word' id='word_1_232' title='bbox 960 4056 1048 4127; x_wconf 82' lang='lat' dir='ltr'><strong>fuit?</strong></span> 
     </span>
    </p>

    <p class='ocr_par' dir='ltr' id='par_1_9' title="bbox 264 4180 1128 4274">
     <span class='ocr_line' id='line_1_29' title="bbox 264 4180 1128 4274; baseline -0.001 -21"><span class='ocrx_word' id='word_1_233' title='bbox 264 4183 314 4253; x_wconf 91' lang='lat' dir='ltr'><strong>At</strong></span> <span class='ocrx_word' id='word_1_234' title='bbox 332 4186 371 4252; x_wconf 92' lang='lat' dir='ltr'><strong>tu</strong></span> <span class='ocrx_word' id='word_1_235' title='bbox 390 4180 497 4252; x_wconf 87' lang='lat' dir='ltr'><strong>stulta</strong></span> <span class='ocrx_word' id='word_1_236' title='bbox 516 4182 612 4274; x_wconf 87' lang='lat' dir='ltr'><strong>deos,</strong></span> <span class='ocrx_word' id='word_1_237' title='bbox 632 4187 670 4253; x_wconf 91' lang='lat' dir='ltr'><strong>tu</strong></span> <span class='ocrx_word' id='word_1_238' title='bbox 688 4181 790 4270; x_wconf 85' lang='lat' dir='ltr'><strong>fingis</strong></span> <span class='ocrx_word' id='word_1_239' title='bbox 809 4182 924 4252; x_wconf 87' lang='lat' dir='ltr'><strong>inania</strong></span> <span class='ocrx_word' id='word_1_240' title='bbox 942 4182 1128 4266; x_wconf 81' lang='lat' dir='ltr'><strong>verba—3</strong></span> 
     </span>
    </p>
   </div>
   <div class='ocr_carea' id='block_1_8' title="bbox 157 4390 1568 4485">
    <p class='ocr_par' dir='ltr' id='par_1_10' title="bbox 157 4390 1568 4485">
     <span class='ocr_line' id='line_1_30' title="bbox 157 4390 1568 4485; baseline -0.004 -22"><span class='ocrx_word' id='word_1_241' title='bbox 157 4414 235 4465; x_wconf 88' lang='lat' dir='ltr'><strong>nam</strong></span> <span class='ocrx_word' id='word_1_242' title='bbox 263 4394 357 4464; x_wconf 87' lang='lat' dir='ltr'><strong>inter</strong></span> <span class='ocrx_word' id='word_1_243' title='bbox 384 4394 637 4485; x_wconf 91' lang='lat' dir='ltr'><strong>oppositionem</strong></span> <span class='ocrx_word' id='word_1_244' title='bbox 660 4392 786 4484; x_wconf 87' lang='lat' dir='ltr'><strong>perfidi</strong></span> <span class='ocrx_word' id='word_1_245' title='bbox 805 4394 971 4464; x_wconf 89' lang='lat' dir='ltr'><strong>amatoris</strong></span> <span class='ocrx_word' id='word_1_246' title='bbox 991 4393 1151 4482; x_wconf 87' lang='lat' dir='ltr'><strong>fidaeque</strong></span> <span class='ocrx_word' id='word_1_247' title='bbox 1170 4390 1302 4463; x_wconf 86' lang='lat' dir='ltr'><strong>amicae</strong></span> <span class='ocrx_word' id='word_1_248' title='bbox 1321 4390 1433 4460; x_wconf 93' lang='lat' dir='ltr'><strong>medio</strong></span> <span class='ocrx_word' id='word_1_249' title='bbox 1560 4394 1568 4409; x_wconf 71' lang='lat'><strong>¹</strong></span> 
     </span>
    </p>
   </div>
   <div class='ocr_carea' id='block_1_9' title="bbox 156 4516 1432 4608">
    <p class='ocr_par' dir='ltr' id='par_1_11' title="bbox 156 4516 1432 4608">
     <span class='ocr_line' id='line_1_31' title="bbox 156 4516 1432 4608; baseline -0.005 -20"><span class='ocrx_word' id='word_1_250' title='bbox 156 4516 305 4590; x_wconf 90' lang='lat' dir='ltr'><strong>disticho</strong></span> <span class='ocrx_word' id='word_1_251' title='bbox 334 4517 445 4588; x_wconf 89' lang='lat' dir='ltr'><strong>aliena</strong></span> <span class='ocrx_word' id='word_1_252' title='bbox 464 4518 638 4589; x_wconf 88' lang='lat' dir='ltr'><strong>sententia</strong></span> <span class='ocrx_word' id='word_1_253' title='bbox 655 4518 841 4590; x_wconf 86' lang='lat' dir='ltr'><strong>interiecta</strong></span> <span class='ocrx_word' id='word_1_254' title='bbox 859 4519 930 4608; x_wconf 88' lang='lat' dir='ltr'><strong>est,</strong></span> <span class='ocrx_word' id='word_1_255' title='bbox 959 4537 1048 4606; x_wconf 87' lang='lat' dir='ltr'><strong>quae</strong></span> <span class='ocrx_word' id='word_1_256' title='bbox 1069 4517 1136 4588; x_wconf 92' lang='lat' dir='ltr'><strong>etsi</strong></span> <span class='ocrx_word' id='word_1_257' title='bbox 1155 4537 1233 4588; x_wconf 93' lang='lat' dir='ltr'><strong>cum</strong></span> <span class='ocrx_word' id='word_1_258' title='bbox 1253 4533 1355 4586; x_wconf 87' lang='lat' dir='ltr'><strong>causa</strong></span> <span class='ocrx_word' id='word_1_259' title='bbox 1374 4531 1432 4582; x_wconf 91' lang='lat' dir='ltr'><strong>co-</strong></span> 
     </span>
    </p>
   </div>
   <div class='ocr_carea' id='block_1_10' title="bbox 0 0 1598 5146">
    <p class='ocr_par' dir='ltr' id='par_1_12' title="bbox 0 0 1598 5146">
     <span class='ocr_line' id='line_1_32' title="bbox 0 0 1598 5146; baseline 0 0"><span class='ocrx_word' id='word_1_260' title='bbox 0 0 1598 5146; x_wconf 95' lang='lat' dir='ltr'><strong> </strong></span> 
     </span>
    </p>
   </div>
  </div>
 </body>
</html>
