3166 5146
678 325 883 391 ..19-

154 535 243 607 Nam
262 536 376 606 iacere
395 555 432 605 se
449 535 500 605 ita
518 533 613 622 dicit,
638 540 678 604 ut
699 553 736 604 se
755 554 775 603 a
803 533 950 622 publicis
970 532 1159 603 honoribus
1178 538 1346 603 remotum
1366 535 1413 606 si·

152 659 309 750 gnificat:
339 678 479 731 secures
507 659 608 749 enim,
638 678 783 750 quarum
811 659 921 729 amico
949 677 1028 747 spes
1057 657 1114 746 sit,
1144 676 1227 728 suae
1256 656 1417 731 fortunae

153 761 303 874 opponit.
317 784 368 854 Ac
384 783 483 873 plane
503 783 628 853 similia
645 781 720 871 ipse
740 780 782 853 de
801 801 838 852 se
857 781 1036 870 praedicat
1056 780 1416 872 Ovidius,-usquea

152 908 290 996 proavis
308 912 408 979 vetus
431 905 561 976 ordinis
583 905 697 994 heres,
723 904 801 976 Non
825 905 927 976 modo
951 903 1113 976 fortunae
1136 925 1279 975 munere
1302 902 1415 977 lactus

154 1051 271 1120 eques.
294 1031 413 1123 (Trist,
433 1027 495 1117 IV,
521 1032 578 1118 10,
600 1031 634 1099 7.
656 1029 714 1118 sl:

153 1210 230 1279 Am.
246 1198 274 1296 I,
293 1210 326 1297 3,
345 1209 378 1277 7.
400 1227 445 1278 ss.
466 1204 501 1277 Si
519 1226 575 1276 me
589 1225 657 1275 non
672 1210 825 1276 veterum
840 1205 1080 1275 commendant
1093 1225 1218 1294 magna
1232 1209 1416 1295 parentum

521 1328 679 1419 Nomina,
700 1327 729 1399 si
747 1328 858 1399 nostri
879 1327 1054 1417 sanguinis
1074 1335 1196 1399 auctor
1214 1347 1331 1419 eques,

467 1453 542 1524 Nec
561 1472 659 1524 meus
678 1451 869 1523 innumeris
883 1458 1069 1522 renovatur
1084 1452 1415 1541 campusaratris—

154 1578 195 1648 A.
216 1578 258 1646 A.
284 1578 333 1666 ll,
358 1579 442 1648 165.
511 1574 727 1665 Pauperibus
744 1575 1413 1666 vatesegosumquiapauperamavh-

154 1770 279 1841 similia
307 1771 387 1840 item
410 1768 583 1857 Tibullus,
608 1769 707 1839 cuius
730 1767 891 1838 fortunae
912 1767 1087 1857 Propertii
1111 1768 1286 1840 fortunam
1309 1768 1417 1840 fuisse
1457 1785 1459 1792 ·

156 1893 302 1964 similem
312 1893 466 1964 cernitur
479 1913 522 1961 ex
534 1891 593 1962 illa
607 1892 752 1981 pertica,
770 1891 869 1961 cuius
883 1894 1090 1962 mentionem
1105 1890 1189 1963 facit
1199 1891 1260 1982 IV,
1271 1894 1304 1982 l,
1316 1893 1416 1963 1305

260 2084 347 2156 Nam
366 2092 427 2155 tua
446 2105 522 2156 cum
542 2085 641 2156 multi
660 2093 838 2156 versarent
857 2106 942 2155 rura
960 2086 1108 2174 iuvenci,

338 2208 492 2279 Abstulit
510 2210 664 2280 excultas
682 2210 816 2298 pertica
834 2210 947 2280 tristis
967 2229 1059 2297 opes.
1080 2250 1131 2261 -

233 2399 391 2489 Quintam
411 2401 555 2489 elegiam
576 2409 616 2471 ut
633 2403 809 2490 Propertii
833 2409 935 2489 neget
963 2423 1038 2472 esse
1059 2402 1235 2472 Garuttius
1263 2408 1420 2472 movetur

154 2526 300 2613 septima
319 2525 428 2612 elegia
446 2525 549 2612 primi
567 2525 648 2594 libri
662 2525 826 2594 Amorum
847 2523 971 2594 Ovidii.
994 2523 1104 2594 Simili
1124 2529 1204 2594 sunt
1222 2520 1345 2612 sactae,
1365 2525 1417 2594 in-

154 2649 240 2738 quit,
261 2652 473 2736 argumento,
495 2648 599 2718 simili
617 2647 827 2734 inventione,
853 2648 1008 2736 quamvis
1032 2647 1190 2718 dissimili
1209 2647 1364 2718 oratione
1384 2653 1419 2719 et

103 2798 107 2813 ¹
155 2772 246 2860 stilo,
266 2772 432 2872 additque
453 2777 611 2841 neutrum
631 2771 743 2842 altero
764 2771 953 2842 verisimile
978 2792 1054 2842 esse
1078 2774 1126 2842 ita
1150 2771 1307 2859 abusum,
1329 2769 1419 2860 Cyn·

154 2895 261 2965 thiam
279 2914 443 2984 nusquam
466 2895 644 2985 nominari,
671 2896 728 2985 qui
752 2895 808 2964 hic
833 2902 992 2965 narretur
1015 2915 1133 2965 rerum
1156 2900 1268 2965 status
1287 2914 1364 3011 θ’]
1383 2893 1419 2963 in

155 3019 247 3088 illam
271 3039 337 3089 non
367 3018 504 3088 cadere.
533 3019 673 3103 Fateor3
698 3019 846 3086 interest
869 3016 998 3105 aliquid
1017 3018 1202 3087 inteream
1223 3016 1417 3107 Cynthium,

157 3160 339 3230 quaecum
359 3141 490 3210 mannis
509 3140 702 3209 Lanuvium
726 3138 866 3209 vehitur
888 3141 1182 3229 praetereuntium
1207 3140 1325 3211 oculos
1343 3141 1418 3209 ani-

156 3282 299 3353 mosque
327 3263 512 3350 convertit,
542 3268 578 3332 et
599 3262 688 3332 hanc
712 3262 860 3350 puellam
885 3282 1073 3352 quaecum
1101 3263 1195 3352 turpi
1223 3263 1358 3334 anicula
1383 3264 1420 3332 in

157 3387 282 3476 frigida
300 3385 444 3476 pergula
462 3384 605 3455 habitat.
630 3384 696 3457 Sed
720 3406 829 3476 neque
853 3386 939 3456 illud
961 3407 1166 3476 quemquam
1191 3385 1278 3476 fugit
1294 3386 1418 3456 huius-

158 3512 249 3581 modi
276 3510 457 3580 mulierum
485 3506 657 3577 fortunam
685 3510 896 3599 gravissimis
924 3510 1221 3581 vicissitudinibus
1250 3509 1419 3581 obiectam

160 3653 251 3722 esse,
279 3654 341 3704 nec
367 3632 552 3724 Cynthium
574 3631 647 3720 hic,
679 3653 746 3702 non
774 3633 874 3702 aliam
904 3630 1090 3722 significari
1114 3635 1328 3722 exploratum
1353 3638 1417 3702 est.

159 3755 267 3827 Immo
286 3777 362 3826 cnm
380 3756 445 3827 boc
465 3775 602 3846 quoque
622 3774 758 3825 carmen
777 3777 820 3826 ex
837 3756 990 3826 metricis
1014 3756 1207 3827 rationibus
1225 3754 1420 3844 posteriore

160 3885 316 3967 tempore
335 3880 502 3968 scriptum
519 3878 691 3967 videatur,
712 3879 811 3967 plane
829 3899 896 3949 non
915 3879 1083 3950 dissimile
1103 3874 1177 3950 veri
1197 3884 1249 3948 est
1266 3877 1417 3966 Proper·

160 4005 247 4073 tium
265 4009 305 4072 ut
322 4001 400 4070 olim
419 4002 555 4073 discidii
574 4008 732 4090 tempore
753 4022 830 4072 cum
853 4002 977 4074 vilibus
1001 4024 1074 4073 rem
1097 4000 1260 4072 habuerit
1277 4001 1327 4071 ita
1344 4006 1419 4071 tum

160 4146 282 4197 rursus
310 4125 562 4195 alieno-amori
590 4124 752 4195 servisse.
784 4125 875 4214 Quid
904 4126 996 4216 quod
1023 4127 1109 4197 haec
1133 4125 1247 4214 puella
1269 4122 1420 4195 fortasse

161 4249 280 4321 eadem
304 4254 368 4337 est,
393 4267 491 4338 quae,
516 4247 618 4319 modo
640 4269 703 4338 per
725 4248 812 4319 viles
834 4249 990 4340 inspecta
1012 4257 1064 4320 est
1086 4248 1224 4339 publica
1245 4253 1375 4335 nocteS,
1399 4266 1420 4318 a

162 4394 229 4464 qua
247 4372 291 4462 V,
314 4377 347 4444 7.
368 4369 679 4461 umbra-Cynthiae
699 4393 776 4443 eum
799 4374 912 4444 teneri
931 4373 1110 4465 queritur?
1128 4375 1421 4463 Argumentorum

160 4517 241 4568 varo
260 4516 360 4586 quem
380 4494 566 4566 similitudo
591 4494 742 4586 offendit,
762 4497 792 4567 is
810 4516 848 4567 se
867 4518 956 4588 quae
969 4497 1059 4569 ratio
1078 4504 1113 4570 et
1130 4496 1350 4569 necessitudo
1368 4494 1421 4562 in·

162 4627 216 4690 ter
252 4620 420 4709 elegiacos
452 4617 544 4689 illius
576 4620 740 4711 temporis
772 4625 894 4710 poetas
925 4621 1115 4694 intercedat
1149 4620 1252 4710 plane
1287 4616 1423 4689 nescire

1210 4738 1225 4772 s
