3166 5146
562 260 566 269 '
695 279 948 359 .-31“-,

166 489 203 559 in
223 487 335 563 altera
360 493 460 577 parte
486 489 589 577 longa
612 487 742 565 vocalis
765 495 845 560 aute
863 490 1003 561 brevem
1024 489 1123 579 elisa,
1153 508 1173 563 a
1200 511 1268 580 qua
1295 493 1435 568 elisione

168 617 291 701 poetae
310 609 385 686 feru
405 631 541 703 semper
559 631 595 684 se
614 610 820 700 abstineant,
848 611 948 689 nobis
975 612 1040 687 hoc
1068 613 1180 702 ipsum
1203 633 1310 704 genus
1331 636 1435 705 argu-

165 736 387 809 mentationis
407 730 580 811 infirmum
597 736 746 809 videtur.
773 735 811 809 si
829 737 922 807 enim
940 742 1078 809 veteres
1098 744 1236 811 constat
1253 739 1307 811 his
1325 740 1360 810 in
1379 760 1432 813 re·
1510 810 1514 815 .

163 860 228 932 bus
256 881 322 932 non
350 866 446 937 certa
472 860 638 951 quandum
665 866 854 949 praecepta
881 882 968 950 quae
994 862 1094 937 nobis
1122 863 1191 935 sint
1221 863 1351 945 tradita
1373 864 1434 936 sed
1544 963 1547 968 ⁵

163 987 300 1088 aurium
319 985 484 1059 iudicium
503 1006 578 1057 esse
597 991 751 1073 secutos,
781 1005 843 1057 nos
869 1006 935 1059 nou
963 986 999 1061 id
1028 986 1141 1060 facere
1160 994 1314 1078 oportet,
1344 995 1383 1060 ut
1404 990 1433 1059 si

162 1109 364 1199 plerumque
383 1129 521 1181 normas
539 1109 704 1199 quasdam
722 1086 882 1181 videntur
900 1111 1026 1199 secuti,
1054 1112 1097 1183 ad
1125 1132 1184 1183 eas
1214 1132 1355 1185 normas
1374 1132 1432 1184 eos

163 1254 302 1325 quoque
320 1234 412 1305 locos
430 1233 636 1323 dirigamus,
656 1233 716 1303 ubi
735 1234 843 1305 secuti
863 1254 929 1305 non
948 1241 1041 1321 sunt,
1063 1235 1124 1306 sed
1143 1243 1182 1306 ut
1201 1235 1255 1307 his
1275 1236 1361 1325 ipsis
1379 1237 1430 1307 lo-

161 1359 211 1430 cis
229 1365 384 1430 nostram
407 1358 574 1431 rationem
593 1364 629 1429 et
646 1358 921 1448 praeceptionem
941 1378 1160 1431 coerceamus
1182 1369 1218 1431 et
1239 1361 1431 1451 restringa-

160 1501 252 1554 mus.
285 1482 359 1554 Hoc
379 1481 515 1568 quidem
535 1481 636 1553 nobis
655 1481 773 1552 eodem
792 1483 868 1555 inre
887 1504 1021 1555 sumere
1040 1484 1211 1572 videmur,
1233 1505 1299 1574 quo
1319 1505 1381 1557 nec
1402 1485 1431 1555 si
1524 1575 1531 1589 Ι

162 1607 253 1698 quod
273 1598 369 1690 ἅπαξ
387 1603 554 1698 εἰρημένον
580 1627 644 1678 nec
672 1607 701 1677 si
728 1627 796 1696 qua
823 1608 978 1680 obsoleta
1004 1618 1066 1681 aut
1093 1615 1219 1681 novata
1246 1607 1359 1681 forma
1377 1616 1431 1681 est

160 1733 302 1819 tradita,
332 1731 525 1802 necessario
554 1737 754 1820 corruptum
786 1739 890 1821 atque
914 1733 1167 1804 emendandum
1184 1732 1317 1823 aliquid
1336 1733 1429 1803 arbi·
1469 1768 1472 1775 ν

160 1863 313 1927 tramur:
334 1855 577 1943 discrepantiis
594 1854 638 1924 iis
657 1855 706 1926 ibi
724 1861 857 1927 tontum
878 1859 944 1927 erit
962 1857 1092 1944 aliquid
1110 1856 1345 1947 tribuendum,
1369 1855 1429 1928 ubi

162 2001 242 2051 cum
261 1978 339 2050 aliis
358 1976 574 2067 corruptelae
593 1978 809 2068 documentis
829 1988 1042 2052 concurrent.
1088 1981 1136 2052 At
1155 1981 1211 2051 hic
1232 1980 1343 2069 locus,
1364 1981 1429 2052 etsi

161 2100 365 2191 quibusdam
393 2099 504 2169 visum
530 2105 585 2170 est
606 2099 724 2190 aliter,
754 2103 783 2172 si
810 2122 929 2172 verum
953 2103 1166 2191 quaerimus,
1194 2102 1280 2173 nihil
1309 2102 1427 2193 habet,

160 2223 253 2313 quod
279 2225 404 2293 merito
433 2223 660 2311 suspicionem
687 2233 835 2297 moveat.
883 2227 1062 2301 Sententia
1088 2227 1173 2298 haec
1197 2237 1266 2298 est:
1297 2228 1361 2300 hac
1387 2230 1422 2299 in

158 2352 275 2437 porte,
305 2348 364 2419 nbi
393 2355 469 2418 erat
497 2349 549 2420 ire
577 2349 648 2421 sive
677 2351 794 2421 ibatur
812 2351 976 2439 Fidenas,
996 2351 1097 2438 longe
1120 2360 1197 2422 erat
1215 2353 1374 2422 ire-h.
1395 2374 1425 2424 e.

157 2472 223 2543 hac
237 2472 273 2543 in
286 2478 386 2560 parte
405 2471 552 2542 Fidenas
571 2474 727 2543 euntium
746 2475 867 2562 longae
885 2475 959 2544 viae
979 2473 1197 2545 uidebantur.
1219 2475 1284 2546 Hic
1300 2475 1427 2545 nnllam

158 2595 264 2667 habet
282 2591 503 2667 offensionem
523 2616 633 2686 neque
652 2596 727 2669 hac
745 2591 919 2679 δεικτικῶς
946 2600 986 2668 ut
1011 2598 1109 2669 aiunt
1125 2598 1275 2686 positum
1295 2604 1334 2669 ut
1353 2599 1426 2670 hoc

156 2720 192 2790 in
212 2741 263 2792 us.
286 2722 334 2808 1.,
362 2724 401 2790 ut
428 2718 526 2790 haec
550 2719 585 2788 in
603 2743 654 2792 vs.
677 2723 726 2810 5.,
745 2729 784 2793 ut
802 2721 896 2793 hinc
914 2721 949 2793 in
969 2742 1037 2792 uss.
1060 2725 1120 2793 31.
1145 2724 1218 2810 32,
1238 2727 1278 2792 ut
1296 2722 1373 2794 huc
1391 2726 1426 2793 in

156 2865 205 2916 vs.
229 2849 303 2934 39,
323 2867 386 2918 uec
404 2847 546 2919 verbum
568 2868 610 2918 ex
630 2847 895 2918 demonstrativo
914 2845 1097 2917 enunciata
1115 2846 1150 2914 in
1170 2846 1352 2918 relativum
1368 2867 1423 2918 re·

156 2970 363 3061 vocandum,
392 2972 484 3061 quod
511 2972 672 3044 similiter
697 2977 880 3041 revocatur
899 2970 931 3058 I,
957 2974 1015 3056 15,
1038 2972 1072 3039 9.
1098 2972 1161 3049 1οε
1198 2969 1287 3058 (Nec
1311 2971 1424 3043 minus

140 3093 240 3183 ,Eois
259 3100 382 3183 pectus
401 3097 537 3166 variare
556 3093 684 3182 lapillis
693 3092 741 3164 Ut
754 3089 907 3163 formosa
927 3111 1017 3162 nouo
1036 3111 1123 3179 quae
1142 3098 1244 3180 parat
1262 3093 1315 3164 ire
1334 3090 1423 3194 viro)

145 3223 193 3288 et
211 3216 256 3308 ΙΙ,
280 3220 314 3307 3,
338 3221 372 3306 9,
395 3220 455 3288 17.
480 3221 538 3289 19.
562 3217 650 3308 (Nec
670 3234 725 3287 me
744 3222 815 3286 tam
834 3214 943 3286 facies
963 3216 1116 3304 quamvis
1136 3216 1183 3286 sit
1202 3217 1347 3289 candida
1367 3239 1423 3290 ce-

154 3343 265 3430 pit—
278 3339 450 3429 Quantum
468 3340 559 3431 quod
578 3343 691 3431 posito
710 3338 859 3412 formose
878 3341 982 3412 saltat
995 3340 1240 3413 iaccho—Et
1260 3346 1423 3430 qnantum

156 3466 277 3537 Aeolio
298 3486 374 3537 cum
395 3471 509 3537 tentat
528 3467 679 3537 carmina
697 3466 842 3555 plectro)
861 3471 897 3536 et
916 3464 961 3552 ΙΙ,
984 3467 1046 3551 20,
1069 3467 1128 3535 34.
1175 3464 1320 3556 (Ultima
1343 3466 1423 3538 talis

157 3589 224 3658 erit
242 3610 329 3679 qnae
346 3610 423 3662 mea
441 3591 554 3679 prima
572 3589 671 3678 fides)
690 3595 726 3661 et
742 3589 808 3677 ΙΠ,
830 3593 892 3678 22,
914 3591 974 3658 21.
1021 3586 1122 3677 (Nam
1146 3596 1312 3675 quantum
1330 3587 1421 3662 ferro

158 3716 292 3781 tantum
309 3714 437 3801 pietate
455 3720 616 3803 potentes
637 3711 787 3803 Stemus)
806 3713 860 3785 vel
877 3712 971 3800 apud
984 3710 1170 3782 Horatium
1181 3710 1223 3783 Ο.
1234 3712 1297 3801 ΙΙΙ,
1313 3717 1346 3800 1,
1360 3716 1419 3784 37.

156 3835 293 3925 (--sed
320 3834 436 3908 Timor
463 3845 500 3909 et
526 3839 644 3910 Minae
672 3836 842 3908 scandunt
864 3834 985 3907 eodem
1005 3857 1073 3925 quo
1093 3835 1279 3923 dominus);
1310 3856 1421 3925 neque

156 3966 218 4031 est
238 3979 316 4030 oum
333 3958 501 4034 infinitivo
522 3964 738 4034 coniunctum
766 3982 787 4032 2
808 3961 987 4049 Propertii
1006 3959 1255 4032 consuetudine
1273 3958 1421 4030 alienum

156 4091 227 4173 est,
248 4085 376 4173 qnippe
396 4085 454 4174 qui
471 4085 557 4158 haer
575 4087 701 4158 similia
719 4084 857 4156 habeat:
877 4084 905 4172 Ι,
929 4088 989 4175 20,
1014 4087 1073 4158 13.
1093 4083 1146 4154 Ne
1164 4082 1229 4154 tibi
1247 4083 1419 4156 sit—du-

155 4213 430 4279 rum-mentes
440 4214 475 4280 et
484 4207 608 4301 frigida
627 4231 720 4299 saxa,
737 4207 848 4300 Galle,
862 4228 975 4298 oeque
993 4213 1152 4296 expertos
1171 4227 1305 4297 semper
1324 4209 1419 4279 adire

155 4330 249 4402 larus
264 4354 331 4419 -3
352 4332 397 4420 ΙΙ,
423 4335 480 4423 10,
502 4337 561 4404 21.
610 4334 657 4406 Ut
677 4333 835 4424 caputio
855 4333 987 4423 maguis
1017 4332 1074 4401 ubi
1102 4351 1168 4401 non
1195 4337 1248 4402 est
1277 4338 1417 4420 tangere

155 4455 325 4544 signis—3
345 4455 409 4545 III,
427 4459 460 4547 3,
477 4459 537 4528 41.
560 4477 587 4528 s.
607 4457 664 4528 Nil
682 4459 745 4528 uui
764 4458 808 4528 sit
827 4477 931 4528 rauco
950 4455 1136 4545 praeconia
1153 4454 1293 4525 classica
1312 4474 1416 4525 cornu

152 4578 254 4651 Flore
272 4600 335 4652 neo
353 4581 503 4653 Aonium
520 4581 659 4672 cingere
679 4582 794 4655 Marte
813 4603 992 4654 nemus-
1007 4601 1017 4670 3
1046 4600 1110 4651 nec
1134 4579 1280 4667 denique
1298 4579 1414 4666 longe
