3166 5146
626 165 831 297 ss57..

94 441 171 528 ipsa
196 440 389 529 opponendi
419 461 522 511 causa
549 441 755 531 appelletur,
786 441 847 510 sed
874 441 909 509 in
930 446 1090 510 contextu
1119 439 1286 509 sermonis
1314 441 1363 510 ita

95 563 318 654 significetur,
339 572 376 635 ut
395 565 521 659 exaliu
542 586 623 636 casu
647 565 689 652 is,
714 585 779 653 quo
807 566 843 633 ln
867 563 1066 656 opponendo
1092 584 1178 652 opus
1202 569 1288 651 erat,
1317 563 1364 632 in·

94 688 301 777 telligendus
331 691 395 775 sit;
422 689 516 759 velut
544 689 644 760 Ouid.
672 689 816 759 Heroid.
843 689 920 778 XV,
946 693 1007 758 45.
1035 688 1175 777 Sappho
1205 686 1248 756 ad
1272 685 1362 757 Pha·

95 833 194 882 onem

201 1011 251 1078 At
268 1029 334 1096 me,
355 968 478 1098 inquit,
499 1029 574 1079 cum
596 1009 729 1096 legeres
749 1010 853 1079 etiam
873 1007 1025 1077 formosa
1043 1007 1198 1094 videbar,
1219 1046 1270 1090 ÷

96 1133 160 1200 etsi
180 1132 388 1202 antecedunt
406 1133 514 1202 baec:
541 1131 590 1216 Si,
612 1133 678 1202 nisi
699 1152 787 1219 quae
806 1131 894 1201 facte
913 1133 1043 1219 poterit
1061 1138 1096 1201 te
1116 1131 1218 1218 digna
1237 1129 1360 1218 videri,

307 1257 410 1326 Nulla
425 1255 541 1327 futura
555 1265 615 1326 tua
633 1264 698 1344 est,
719 1256 813 1326 nulla
830 1254 946 1325 futura
960 1264 1019 1325 tua
1035 1264 1090 1324 est
1102 1295 1148 1305 -

96 1456 134 1519 ut
163 1451 273 1538 ipsam
303 1472 338 1522 se
363 1451 441 1521 aliis
464 1450 589 1538 puellis
616 1449 704 1521 facie
733 1450 1007 1539 praestantibus,
1033 1471 1100 1518 non
1124 1469 1185 1518 sua
1209 1447 1364 1518 carmina

95 1574 217 1644 alienis
237 1595 411 1664 opponere
430 1582 607 1665 appareat.
628 1575 742 1663 Atque
762 1575 881 1644 eadem
902 1574 950 1667 vis
974 1572 1027 1643 vel
1048 1557 1364 1661 infirmitas'po‘tius

37 1785 40 1796 Ι
94 1698 239 1768 alterius
261 1698 406 1767 rationIs
430 1705 494 1767 est.
524 1697 725 1768 Solitudinis
750 1698 947 1768 Arethusae
972 1717 1038 1766 non
1061 1696 1135 1766 vult
1158 1696 1364 1786 interrumpi

95 1821 373 1908 descriptionem.
399 1818 505 1906 Quasi
529 1843 613 1891 vero
638 1821 768 1910 elegiae
794 1822 839 1890 sit
863 1842 920 1890 res
945 1820 1064 1890 ordine
1088 1839 1270 1910 exponere,
1295 1834 1365 1889 non

96 1943 268 2033 cogitandi
290 1950 323 2013 et
343 1943 513 2021 sentiendi
532 1945 683 2014 ordinem
706 1941 814 2034 sequi,
835 1928 895 2015 aut
910 1944 979 2014 ulla
998 1945 1042 2014 ab
1059 1965 1098 2014 ea
1115 1942 1364 2014 sententiarum
1431 1990 1434 2001 ,

90 2068 207 2138 ⁴series
227 2067 339 2143 aliena
358 2067 415 2156 sit,
437 2069 533 2138 errius
554 2043 642 2157 quae
659 2070 703 2138 sit
718 2069 914 2138 coniunctio
931 2075 967 2137 et
981 2067 1167 2157 complexio
1183 2075 1363 2155 appareat,
1427 2048 1431 2055 ⁸

96 2191 243 2260 simodo
268 2212 371 2258 unum
396 2190 479 2259 illud
504 2212 569 2260 non
594 2192 694 2288 desit,
726 2214 792 2280 quo
823 2186 1042 2262 contineatur
1066 2192 1204 2261 carmen
1227 2211 1365 2280 quoque

94 2315 207 2384 omnia
225 2315 296 2385 sive
319 2315 391 2402 ipsa
421 2315 578 2404 siveper
602 2316 670 2386 alia
697 2303 910 2386 referantur!
941 2315 1037 2402 Quod
1067 2337 1144 2383 cum
1174 2321 1365 2384 statuamus

93 2459 155 2508 nos
182 2459 248 2507 non
277 2447 474 2508 nostrorum
509 2439 794 2533 philosophorum
829 2436 1018 2507 doctrinam
1055 2437 1115 2505 sed
1144 2436 1363 2525 antiquorum

93 2561 453 2651 poetarumexempla
476 2536 790 2655 ‚sequissnemmem
813 2560 924 2650 fugiat
948 2561 1006 2649 qui
1031 2559 1156 2629 inillis
1179 2580 1245 2629 non
1264 2560 1365 2648 plane

75 2687 191 2758 >rudis
211 2686 267 2757 sit.
290 2686 387 2774 Ergo
408 2705 473 2772 non
497 2685 582 2755 illud
606 2694 742 2782 oportet
766 2666 951 2771 offendere,
977 2679 1067 2773 quod
1091 2683 1288 2754 solitudinis
1305 2683 1365 2754 de-

94 2811 272 2898 scriptioni
292 2809 359 2880 alia
378 2812 446 2880 sint
465 2810 683 2898 interpositu,
705 2809 765 2879 sed
785 2811 850 2880 hoc
870 2810 989 2900 quaeri
1010 2814 1159 2896 oportet,
1176 2810 1234 2898 qui
1255 2809 1302 2879 sit
1320 2808 1365 2878 ad

94 2937 179 3005 haec
200 2934 267 3004 alia
286 2935 328 3004 ab
349 2920 408 3004 illa
426 2935 604 3004 transitus.
632 2932 706 3019 Quo
731 2934 871 3023 quidem
894 2933 1045 3002 transitu
1071 2932 1186 3001 nullos
1207 2941 1260 3002 est
1278 2931 1363 3003 faci·
1445 2908 1448 2917 ’

92 3060 169 3129 lior.
208 3057 278 3127 Sibi
304 3059 394 3127 enim
418 3077 569 3147 suaeque
592 3056 771 3127 solitudini
790 3056 975 3147 Arethusa
988 3076 1064 3158 eam
1087 3056 1238 3143 opponit,
1262 3076 1363 3144 quae,

94 3189 215 3253 contra
239 3189 343 3270 utque
368 3181 459 3269 ipsa,
484 3181 651 3263 maritum
672 3181 705 3251 in
731 3188 847 3251 castra
872 3182 1037 3281 comitata
1061 3180 1118 3266 sit,
1143 3179 1304 3269 idemque
1327 3187 1366 3249 ut

93 3307 159 3377 sibi
177 3307 284 3376 liceat
303 3310 412 3392 optat,
432 3311 473 3382 ut
490 3304 655 3397 orationis
673 3304 819 3405 eundem
840 3325 917 3387 esse
934 3324 1132 3396 processum
1153 3302 1365 3392 intelligatur

95 3431 153 3519 qui
183 3439 236 3499 est
259 3432 293 3498 in
316 3429 432 3518 prima·
452 3429 553 3517 pmmi
577 3428 660 3498 libri
681 3429 811 3516 elegia,
828 3406 1126 3526 ,ubiHPropertius
1151 3427 1279 3501 infelici
1303 3449 1364 3500 suo

95 3575 213 3625 amore
237 3553 411 3641 descripto
435 3551 584 3640 primum
615 3552 682 3622 sibi
701 3530 901 3623 Milaniona
916 3552 973 3641 qui
997 3551 1132 3622 felicius
1157 3553 1285 3622 amavit
1303 3573 1362 3640 op-

63 3700 65 3704 *
94 3680 205 3768 ponit,
225 3677 351 3748 deinde
369 3683 586 3764 sagarum-et
603 3677 793 3747 amicorum
819 3696 918 3767 opem
939 3680 1090 3765 exoptat,
1111 3685 1184 3773 tum
1202 3674 1246 3745 ad
1267 3695 1363 3744 suam

40 3812 45 3823 ’
95 3803 326 3875 conditionem
346 3800 548 3871 revertitur.
575 3797 663 3885 Quid
686 3821 768 3871 vero
793 3801 902 3888 magis
926 3806 978 3868 est
1002 3800 1036 3868 in
1056 3799 1108 3886 rei
1128 3804 1253 3868 natura
1267 3775 1363 3885 'posi-

91 3935 182 4016 tnm,
209 3945 311 4016 quam
340 3925 460 4012 utqui
490 3944 604 3994 amare
628 3944 665 3993 se
688 3924 909 3995 vehementer
934 3923 1063 3993 dixerit
1081 3920 1175 3995 idem
1200 3896 1363 3993 continuo

48 4065 51 4070 ’
95 4060 158 4124 cur
186 4056 278 4121 amet
305 4048 466 4119 adiiciat?
487 4049 590 4119 llaec
619 4047 709 4118 enim
738 4055 790 4119 est
818 4047 990 4128 sententia
1016 4067 1085 4117 vss.
1109 4049 1171 4116 49.
1192 4066 1219 4116 s.
1240 4044 1301 4116 nbi
1328 4067 1365 4118 se

94 4175 270 4269 Arethusa
288 4172 448 4242 maritam
467 4173 630 4243 maritum
651 4172 887 4246 veliementins
907 4190 1009 4260 quam
1027 4170 1257 4275 aliasalienos
1272 4171 1365 4242 viros

95 4319 211 4370 amare
236 4298 332 4368 dicit.
366 4295 487 4385 Neque
511 4298 684 4368 haesisset
706 4297 763 4367 hic
788 4295 1081 4384 Lnettiohannes,
1106 4284 1145 4366 ut
1167 4270 1236 4366 iam
1259 4316 1362 4386 quar·

96 4430 170 4494 tum
195 4423 268 4494 eins
284 4428 526 4509 argumentum
544 4422 768 4512 attingamus,
788 4423 816 4492 si
837 4420 921 4492 illud
936 4421 1158 4511 respexisset,
1175 4419 1263 4510 quod
1283 4417 1365 4490 Ovi-

92 4548 172 4618 dius
191 4547 276 4617 Her.
297 4544 395 4634 XIII,
419 4548 478 4615 29.
501 4566 528 4615 s.
550 4545 653 4616 dicit:
