3166 5146
597 259 824 329 ·-ra-
938 198 940 202 Α

86 469 336 542 Callimachum
357 476 392 540 et
401 470 571 541 Philotam
591 468 754 540 imitabor
771 468 883 557 iisque
897 468 1074 542 imitandis
1093 472 1129 538 et
1147 487 1269 537 nomen
1289 469 1352 537 im·

83 595 232 666 mortale
255 615 420 685 assequar
443 603 477 665 et
503 595 647 664 amicam
675 593 867 664 delectabo.
898 593 994 664 Idem
1012 592 1075 682 IV,
1099 592 1353 682 adsertique

85 721 309 810 simplicitate
337 720 435 790 urbis
466 719 594 791 Romae
623 721 924 821 Romanorumque
952 720 1088 791 locutus
1116 717 1286 788 volentem
1318 737 1355 786 se

84 846 224 935 quidem
242 843 326 915 facit
350 865 449 915 sacra
472 845 614 934 diesque
639 865 775 933 canere,
800 845 862 914 sed
886 845 928 915 ab
957 844 1135 934 astrologo
1159 842 1204 913 ad
1228 847 1355 912 amato-

88 969 176 1040 riam
205 970 350 1059 elegiam
377 970 546 1040 revocari.
580 970 629 1040 At
652 969 681 1057 Ι,
709 975 756 1056 1.,
782 969 848 1039 etsi
877 969 919 1039 de
952 969 1161 1039 carminibus
1189 967 1262 1038 suis
1285 987 1353 1037 non

83 1094 250 1185 loquitur,
279 1102 393 1165 tamen
424 1115 502 1166 cum
525 1100 637 1163 totum
666 1114 703 1164 se
731 1102 767 1164 et
793 1114 925 1165 summo
953 1098 990 1164 ct
1024 1092 1156 1164 infelici
1185 1092 1354 1183 Cynthiae

83 1240 200 1290 amore
221 1219 314 1290 dicat
332 1220 456 1308 teneri,
477 1221 541 1289 hoc
561 1219 636 1307 ipso
654 1216 751 1306 facit,
767 1224 806 1288 ut
825 1239 913 1308 quac
933 1218 1003 1288 sint
1020 1218 1173 1288 carmina
1192 1222 1355 1288 secutura

84 1343 244 1416 ostendat
263 1350 298 1415 et
317 1344 416 1434 quasi
435 1342 566 1414 fontem
586 1364 704 1413 coruum
722 1343 916 1432 legentibus
936 1328 1188 1432 aperiatsOum
1200 1342 1256 1412 his
1273 1342 1355 1430 quid
1466 1344 1473 1365 “

84 1489 263 1539 commuue
292 1469 399 1540 babet
426 1468 474 1558 Il,
509 1472 669 1558 10.‚quo
694 1488 730 1537 se
754 1464 867 1556 primo
895 1469 945 1538 ait
972 1467 1105 1538 relictis
1138 1467 1196 1557 qui
1224 1466 1354 1536 ineunti

52 1608 56 1613 ·
83 1596 188 1664 aetati
213 1595 418 1666 conveniant
440 1593 617 1664 amoribus
642 1567 794 1682 Augusti
817 1599 934 1663 castra
957 1592 1045 1663 velle
1064 1613 1201 1680 canere,
1231 1591 1355 1662 deinde

85 1739 172 1807 quae
191 1720 260 1789 iarn
281 1720 349 1789 sint
377 1718 499 1789 effecta
525 1717 560 1786 in
583 1716 666 1786 Asia
694 1717 848 1787 breviter
875 1717 1029 1788 celebrat
1056 1718 1167 1806 deque
1196 1717 1240 1786 iis
1268 1736 1356 1805 quae

85 1844 216 1914 instent
243 1845 276 1913 in
308 1843 392 1912 Asia
419 1842 577 1913 victoriis
605 1843 705 1930 plura
732 1841 926 1932 pollicetur,
956 1846 1132 1931 postremo
1159 1842 1224 1911 hoc
1246 1841 1357 1929 ipsum

86 1968 268 2054 parvulum
287 1986 423 2037 carmen
444 1987 519 2038 oum
545 1936 682 2037 corona·
695 1987 783 2055 quae
805 1966 848 2036 ad
871 1967 978 2056 pedes
1001 1966 1117 2054 magni
1141 1965 1231 2056 signi
1250 1965 1354 2055 depo·

85 2098 188 2161 natur
215 2099 393 2180 comparat
426 2092 673 2180 levitatemque
705 2091 780 2161 eius
806 2090 1007 2163 infirmitate
1044 2091 1174 2180 ingenii
1200 2091 1356 2180 artisque

86 2237 169 2287 suae
190 2216 355 2286 excarsat?
375 2256 424 2266 -
445 2217 493 2286 At
512 2239 555 2287 ex
573 2222 642 2288 tam
668 2217 785 2305 paucis
810 2216 908 2287 libris
927 2217 1108 2306 Propertii
1125 2216 1219 2287 nulla
1237 2220 1357 2304 potest

85 2342 284 2411 coniectura
303 2339 378 2410 fieri
398 2341 437 2411 do
459 2342 551 2412 omui
575 2362 715 2430 genere,
735 2344 771 2411 iu
796 2362 863 2431 quo
884 2341 1080 2412 huiusmodi
1105 2341 1258 2411 carmina
1276 2360 1355 2410 ver-

84 2473 216 2537 santur.
243 2465 434 2535 Videamus
454 2466 539 2535 alios
562 2472 695 2554 poetas,
720 2470 760 2534 ut
785 2468 930 2554 quisque
953 2466 1100 2535 maxime
1120 2470 1181 2533 aut
1200 2470 1355 2553 tempore

86 2599 145 2661 aut
163 2590 303 2679 ingenio
323 2595 360 2660 et
382 2597 457 2660 arte
485 2611 525 2660 ac
554 2610 683 2679 genere
713 2590 903 2660 carminum
931 2589 1029 2659 illum
1058 2589 1215 2678 attingit!
1240 2588 1357 2678 thue
1449 2642 1452 2647 ·

86 2717 261 2787 ordiamur
280 2716 323 2785 ab
345 2735 398 2799 eo,
415 2715 473 2802 qui
492 2722 659 2803 qnantum
684 2721 823 2805 poterat
843 2714 945 2785 bomo
974 2714 1101 2786 diversi
1130 2715 1260 2803 ingenii
1278 2717 1356 2805 plu·

86 2841 213 2911 rimum
231 2841 327 2910 illum
348 2844 486 2910 secutus
507 2847 572 2929 est,
599 2838 742 2910 Ovidius
766 2840 885 2909 Amor.
904 2839 933 2928 Ι,
958 2844 990 2909 l.
1011 2861 1032 2908 a
1058 2839 1160 2910 bellis
1179 2839 1358 2911 celebran-

86 2966 139 3036 dis
176 2987 212 3036 se
258 2966 368 3036 tradit
404 2964 447 3034 ad
484 2965 672 3035 amatorias
710 2965 836 3053 elegias
874 2985 894 3033 a
931 2963 1101 3052 Cupidine
1141 2971 1357 3053 revocatum3

89 3091 204 3159 Amor.
226 3088 273 3176 ΙΙ,
298 3095 330 3160 1.
350 3090 442 3160 hunc
464 3109 602 3178 quoque
623 3088 751 3159 librum
770 3089 866 3158 iussu
892 3088 1031 3158 Amoris
1055 3088 1251 3158 amantibus
1274 3092 1358 3160 scri·

88 3214 185 3302 bere,
225 3211 524 3303 Gigautomacbia,
562 3219 603 3284 ut
639 3215 748 3303 magis
786 3214 907 3301 elegiis
944 3214 1075 3284 amicae
1113 3212 1178 3283 sibi
1211 3215 1358 3302 gratiam

88 3343 328 3429 compararet,
358 3338 497 3425 relicta3
527 3339 595 3428 111,
630 3344 662 3408 1.
688 3359 765 3408 cum
793 3339 885 3408 inter
913 3341 1131 3427 tragoediam
1155 3344 1191 3410 et
1214 3339 1358 3429 elegiam

88 3465 280 3555 paullisper
300 3483 488 3552 suspensus
507 3462 623 3554 luerit,
645 3484 735 3534 nunc
757 3463 894 3552 quidem
915 3464 1045 3553 elegias
1064 3465 1219 3536 scribere
1238 3485 1358 3552 perse-

89 3608 223 3677 verare,
244 3608 324 3658 mox
342 3592 459 3658 tamen
477 3586 520 3656 ad
539 3587 752 3676 tragoediam
770 3588 1013 3658 transiturum.
1032 3587 1129 3659 Idem
1148 3589 1251 3659 Trist.
1273 3589 1302 3678 Ι,
1326 3594 1358 3659 l.

91 3712 142 3781 illi
159 3712 250 3782 libro
274 3713 455 3802 praecipit,
481 3716 520 3782 ut
545 3716 686 3782 externa
711 3712 827 3803 specie
851 3712 993 3783 sordida
1015 3713 1226 3783 carminibus
1249 3713 1361 3783 tristis

92 3837 282 3926 argumenti
302 3838 454 3927 artisque
472 3857 599 3928 parvae
623 3837 696 3905 sine
719 3837 849 3926 gloriae
874 3838 989 3908 studio
1012 3837 1157 3908 Romam
1177 3837 1302 3929 veniat,
1322 3844 1361 3911 ut

91 3961 242 4051 aplebe,
272 3961 344 4049 sed,
372 3964 401 4033 si
431 3962 607 4035 commode
636 3963 748 4050 possit
773 3962 863 4051 fieri,
893 3964 995 4033 etiam
1016 3963 1058 4033 ab
1084 3964 1242 4052 Augusto
1265 3963 1360 4054 lega-

91 4093 166 4175 tur;
187 4087 250 4175 Ill,
272 4090 303 4157 l.
320 4085 540 4176 insequentes
560 4087 686 4176 elegias
705 4087 895 4158 tristissimi
914 4089 1110 4177 argumenti
1129 4109 1239 4180 neque
1259 4089 1362 4160 ullius
1500 4071 1504 4079 ¹

92 4212 229 4285 externi
249 4210 444 4301 splendoris
464 4232 528 4282 non
547 4212 695 4301 publicis
713 4211 933 4285 bibliothecis
951 4213 1116 4286 Romanis
1139 4215 1201 4286 sed
1219 4215 1362 4304 privatis

92 4337 283 4409 lectoribus
303 4337 470 4424 destinam
495 4335 559 4425 IV,
584 4342 616 4407 1.
635 4337 722 4406 vitia
741 4337 815 4428 ejus
839 4338 920 4409 libri
944 4339 1079 4410 miseris
1104 4339 1176 4410 suis
1194 4340 1361 4428 tempori·

93 4462 171 4550 bus,
196 4462 322 4550 quibus
346 4460 389 4531 ad
413 4462 656 4533 consolandum
681 4482 719 4532 se
742 4463 939 4553 scripserit,
963 4474 1119 4552 excusat3
1148 4462 1193 4553 V,
1222 4468 1254 4533 1.
1275 4463 1360 4533 haec

93 4587 244 4657 carmina
266 4591 415 4676 propter
438 4584 612 4657 fortunam
640 4607 736 4658 suam
761 4588 898 4661 tristem
920 4588 997 4679 ipsa
1019 4590 1125 4661 etiam
1149 4589 1264 4659 tristia
1286 4606 1363 4657 esse
