3166 5146
686 258 892 325 ..(57.-

159 488 223 556 pro
243 477 375 537 virum
399 467 520 538 scribit
540 487 702 548 moram,
723 467 813 554 qood
832 466 958 534 virum
983 484 1090 552 neque
1110 485 1129 534 a
1149 466 1339 535 simulare
1358 486 1416 534 ne·

159 612 226 678 que
245 613 265 661 a
284 593 456 679 pretium
478 580 579 661 lacit
597 598 714 682 aptum
729 589 838 678 possit
852 609 947 673 esse3
968 609 1054 677 quae
1071 610 1147 658 cum
1164 589 1269 658 verba
1283 609 1417 677 semper

158 713 369 805 significent:
408 716 663 785 constituere
700 713 948 803 pretium-
971 713 1203 783 accusativum
1234 733 1299 781 non
1328 713 1417 782 asci-

158 847 265 909 scant.
283 838 352 908 Sed
367 839 449 907 nihil
466 840 663 909 mutaudum
681 844 743 906 est.
761 837 847 907 Nam
863 837 990 905 virum
1010 837 1184 924 pretium
1205 835 1302 906 facit
1321 837 1417 907 simi-

158 961 237 1031 liter
266 963 394 1032 dicitur
420 983 460 1030 ac
491 963 665 1049 pretium
694 959 829 1030 fecere
856 960 962 1029 Deos
991 960 1032 1030 de
1057 981 1123 1049 quo
1147 961 1191 1031 ad
1211 960 1275 1047 lv,
1300 966 1332 1050 1,
1355 964 1415 1031 81.

156 1085 315 1172 diximus,
340 1085 406 1155 etsi
431 1086 484 1154 hic
510 1085 690 1179 pretium
712 1083 823 1172 magis
848 1084 952 1152 etiam
971 1104 991 1153 a
1010 1085 1148 1172 propria
1169 1084 1417 1170 significatione

156 1206 322 1277 deflexum
350 1216 413 1278 est.
445 1209 564 1297 Neque
592 1208 680 1277 enim
713 1207 746 1276 id
775 1184 916 1278 denotat
945 1208 1037 1294 quod
1060 1206 1158 1295 quasi
1186 1209 1219 1276 in
1248 1210 1417 1299 emptione

155 1335 319 1420 pecuniae
357 1335 431 1403 loco
471 1332 592 1419 datur,
623 1331 685 1402 sed
711 1352 785 1401 rem
814 1331 1047 1419 utilissimam,
1075 1331 1160 1400 nihil
1187 1332 1348 1420 amplius,
1378 1340 1419 1403 ut

159 1455 314 1526 Kritzius
342 1457 385 1526 ad
406 1455 546 1525 Sallust.
578 1455 655 1541 lug.
678 1457 738 1524 81.
760 1456 859 1524 docet
878 1476 897 1523 a
915 1454 1036 1524 Tacito
1065 1455 1132 1524 dici
1151 1454 1254 1543 (Ann.
1285 1454 1332 1544 Il,
1356 1459 1415 1526 35.

155 1579 224 1649 Res
243 1601 283 1649 eo
317 1600 404 1650 anuo
432 1579 582 1667 prolatas
604 1579 694 1648 haud
723 1577 900 1665 referrem,
933 1579 967 1647 ni
990 1579 1140 1668 pretium
1164 1576 1255 1648 foret
1276 1578 1337 1650 Cu.
1359 1579 1416 1650 Pi-

155 1705 250 1795 sonis
278 1711 314 1774 et
340 1704 454 1775 Asinii
475 1702 564 1774 Galli
592 1723 695 1792 super
724 1724 765 1772 eo
794 1704 933 1790 negotio
962 1703 1113 1773 diversas
1141 1705 1329 1774 sententias
1356 1726 1416 1774 no-

156 1846 265 1897 scere.
295 1828 330 1914 l,
363 1831 423 1896 57.
454 1825 657 1897 Germanico
684 1827 835 1914 pretium
865 1825 930 1895 fuit
958 1837 1155 1897 convertere.
1184 1831 1340 1916 agmen),
1378 1839 1417 1898 ut
1455 1806 1458 1811 ⁵

156 1951 328 2020 sententia
356 1950 440 2019 haec
472 1951 536 2021 sit:
567 1950 756 2020 simulando
785 1948 886 2038 effici,
916 1958 954 2019 ut
980 1951 1035 2019 vir
1053 1951 1075 2018 i.
1096 1971 1126 2021 e.
1148 1972 1244 2020 arnor
1267 1953 1331 2021 viri
1360 1973 1416 2022 res

155 2073 338 2142 utilissima.
349 2075 393 2142 sit
404 2081 438 2142 et
449 2046 760 2160 quaestuosissima.
774 2074 862 2143 Nam
873 2072 957 2142 illud
972 2075 1108 2161 quidem
1125 2075 1257 2162 pridem
1270 2083 1305 2144 et
1319 2084 1415 2146 recte

156 2203 378 2265 memoratum
403 2205 466 2274 est,
486 2197 647 2266 simulare
666 2198 775 2267 virum
795 2197 823 2266 si
844 2198 921 2285 quis
940 2199 1011 2284 ipse
1040 2198 1105 2267 viri
1124 2203 1271 2286 speciem
1291 2200 1413 2270 indue-

154 2325 227 2401 ret3
257 2326 291 2388 at
308 2339 371 2388 nec
392 2319 597 2406 simpliciter
624 2319 787 2389 simulare
814 2328 956 2406 praeter
984 2321 1266 2388 consuetudinem
1288 2321 1416 2389 dicitur

153 2461 216 2510 nec
237 2441 317 2528 quid
339 2442 384 2512 sit
403 2442 627 2511 simulandum
644 2441 699 2511 hic
716 2442 899 2511 obscurum
918 2461 994 2509 esse
1014 2449 1142 2529 potest,
1159 2461 1235 2510 cum
1256 2441 1288 2510 id
1303 2442 1414 2531 ipsum

153 2565 271 2635 multis
291 2566 349 2651 qui
367 2571 557 2653 sequuntur
585 2564 742 2634 versibus
762 2564 963 2651 explicetur.
995 2563 1156 2634 Simulari
1175 2572 1315 2652 oportet
1333 2586 1414 2636 cau-

153 2709 209 2759 sas
228 2689 392 2759 amatoris
419 2687 614 2776 diripiendi,
645 2688 702 2776 qui
729 2709 796 2777 quo
825 2688 932 2776 magis
952 2686 1141 2776 differatur,
1171 2710 1211 2760 eo
1230 2690 1412 2761 vehemen-

153 2813 223 2882 tius
242 2813 453 2900 exardescat,
483 2834 550 2902 quo
580 2813 687 2900 magis
715 2812 847 2898 ardeat,
878 2832 917 2881 eo
944 2813 1047 2902 plura
1074 2813 1157 2882 dare
1185 2819 1327 2902 paratus
1346 2816 1411 2902 sit3

153 2938 269 3025 itaque
288 2936 499 3006 simulandae
526 2938 611 3024 irae,
641 2935 797 3023 sabbata,
826 2935 972 3022 natales
1002 2936 1136 3006 aemuli.
1168 2933 1299 3022 Quibus
1317 2959 1414 3027 prae-

154 3061 262 3150 ceptis
281 3067 415 3129 tantum
433 3060 532 3129 abest
551 3065 589 3128 ut
608 3059 788 3146 superiore
809 3057 976 3127 disticho:
1070 3153 1078 3161 ἱ

183 3365 184 3368 ,
260 3299 392 3391 Sperne
411 3296 524 3387 fidem,
545 3299 703 3387 provolre
723 3299 819 3386 deoS,
839 3298 1015 3369 mendacia
1033 3300 1190 3371 vincant!

311 3435 445 3523 Frange
465 3440 501 3503 et
519 3434 701 3504 damnosae
721 3435 799 3504 iura
816 3433 1019 3525 pudicitiae!

153 3683 324 3770 generalis
342 3685 455 3752 nescio
476 3702 563 3769 quae
590 3683 788 3770 praeceptio
816 3682 1071 3771 praemittatur,
1101 3682 1135 3750 in
1156 3703 1221 3771 qua
1243 3705 1329 3772 quae
1358 3708 1411 3756 se-

155 3789 304 3895 quuntur
324 3807 389 3874 sint
413 3807 537 3896 posita,
557 3813 596 3875 ut
614 3806 723 3875 omnis
744 3806 841 3892 quasi
859 3806 1004 3876 rationis
1023 3807 1080 3877 illa
1098 3827 1167 3876 una
1185 3827 1266 3893 pars
1285 3810 1341 3896 sit,
1362 3810 1411 3878 al-

153 3938 228 4000 tera
246 3951 266 3999 a
286 3949 334 3998 vs.
358 3931 416 3998 29.
438 3939 641 4018 exponatur.
671 3928 845 3998 Pudicitia
878 3931 968 3999 enim
997 3951 1073 4001 cum
1103 3951 1221 4000 earum
1249 3930 1294 4001 sit
1323 3952 1411 4020 quae

153 4061 214 4124 aut
233 4054 335 4123 nullis
354 4062 413 4121 aut
437 4055 577 4143 singulis
603 4052 816 4124 amatoribus
844 4059 998 4125 utantur.
1027 4067 1065 4124 ut
1084 4077 1161 4126 mox
1190 4057 1271 4144 quid
1290 4055 1325 4126 in
1344 4058 1412 4127 sin·

152 4178 307 4266 golorum
327 4197 440 4245 amore
460 4177 710 4247 observandum
732 4177 788 4260 sit,
809 4177 858 4245 ita
877 4177 974 4265 prius
994 4178 1070 4247 lena
1088 4181 1258 4268 praecipit
1277 4185 1315 4250 ut
1332 4153 1410 4272 plu'·

153 4322 210 4371 res
227 4300 294 4370 viri
313 4306 469 4369 amentur
502 4299 655 4389 fidesque
684 4300 830 4370 amatori
859 4300 940 4370 data
969 4299 1116 4388 fallatur,
1147 4309 1248 4391 atque
1277 4326 1339 4394 per
1371 4311 1411 4374 et

155 4426 197 4494 ab
216 4447 282 4497 una
300 4425 343 4495 ad
362 4425 505 4495 alteram
525 4434 658 4512 partem
679 4445 761 4494 suae
787 4424 988 4513 disciplinae
1016 4427 1280 4514 transgreditur.
1312 4429 1408 4498 Nihil

155 4550 242 4619 euim
263 4549 408 4620 interest
427 4554 541 4619 utrum
569 4557 730 4637 quaestus
756 4569 858 4621 causa
884 4549 998 4638 puella
1024 4548 1183 4621 iubeatur
1210 4552 1336 4638 aliquid
1357 4550 1407 4620 f-

1200 4687 1214 4720 t
