3166 5146
672 239 878 305 ..80-

152 444 284 533 incidit,
296 452 334 513 ut
352 452 503 515 extremo
521 447 595 516 luco
615 446 764 515 laudatio
783 446 898 535 aliqua
910 444 1098 515 Caesareae
1113 445 1231 514 doinus
1253 442 1410 514 adhibea-

152 581 220 637 tur.
269 569 343 656 Quo
371 570 508 640 consilio
541 590 607 639 non
638 570 746 639 solum
784 569 916 657 singula
960 568 1105 638 disticha
1139 538 1332 656 adduntur,
1373 574 1411 637 ut

152 692 246 762 Fast.
267 692 311 780 ll,
334 695 420 763 637.
443 693 676 764 Charisinrum
705 693 969 783 descriptionem
997 695 1119 782 pieque
1149 713 1189 764 ea
1216 692 1410 763 celebrandi

153 816 426 887 adhortationem
447 818 594 907 Augusti
612 818 798 888 admonitio
817 818 966 908 exeipit:

260 1028 317 1116 Et,
338 1029 428 1097 Bene
447 1051 519 1114 nos
540 1029 691 1117 Patriae,
711 1030 798 1102 berre
819 1039 863 1115 te,
887 1029 1003 1116 Pater,
1023 1029 1152 1116 optime
1174 1027 1316 1098 Caesar!

314 1151 437 1240 Dicite,
459 1151 587 1223 suffuso
600 1175 668 1242 ‚per
688 1175 786 1223 saera
803 1154 910 1223 verba
929 1173 1021 1222 mero
1042 1191 1092 1203 -

157 1381 269 1449 autin
289 1391 434 1451 exeunte
453 1383 541 1451 libro
562 1383 683 1470 prime,
703 1383 804 1452 Pacis
825 1383 978 1453 sollemni
993 1390 1193 1471 memorato,
1210 1383 1329 1451 salutis
1349 1402 1411 1469 pu-

65 1601 70 1609 ·
156 1504 264 1574 blicae
284 1512 362 1574 vota
381 1507 414 1574 in
434 1507 571 1576 domum
591 1506 794 1578 Caesaream
813 1509 1027 1595 diriguntur:

209 1716 428 1806 rerutque
447 1718 566 1789 domus
586 1738 672 1805 qnae
692 1726 844 1808 praestet
862 1741 946 1810 eam,
968 1741 1045 1791 cum
1063 1719 1157 1790 Pace
1176 1726 1343 1807 perennet

369 1844 423 1912 Ad
442 1865 503 1913 sua
521 1864 707 1932 propensos
728 1852 807 1914 vota
825 1856 944 1934 rogate
964 1845 1066 1914 deos:
1089 1884 1137 1895 -—

119 2090 121 2094 ¹
159 2059 217 2128 sed
237 2068 448 2149 usurpantur
468 2064 570 2134 etiam
590 2064 741 2151 plurium
758 2086 918 2133 versuum
946 2064 1189 2149 conclusiones
1220 2069 1258 2131 ut
1276 2061 1304 2149 l,
1327 2065 1414 2132 613.

161 2203 219 2269 ss,
239 2193 420 2274 postquam
439 2187 480 2256 de
503 2187 637 2255 nomine
657 2187 805 2273 Augusti
829 2187 954 2255 dictum
983 2195 1046 2273 est,
1072 2187 1102 2253 ei
1130 2185 1315 2271 heredique
1340 2185 1417 2253 eius

125 2352 128 2359 «
159 2308 288 2394 optima
307 2328 459 2398 quaeque
479 2310 567 2378 hunc
587 2309 621 2378 in
640 2310 775 2378 modum
796 2316 978 2398 optantur:

317 2534 451 2619 Augeat
469 2530 648 2618 imperium
668 2532 774 2599 nostri
794 2528 903 2619 duciS,
924 2534 1048 2618 augeat
1066 2546 1184 2614 annon,

372 2655 540 2739 Protegat
559 2662 593 2722 et
612 2662 744 2723 vestras
764 2674 892 2742 querna
910 2672 1037 2722 corona
1055 2650 1156 2721 fores

320 2774 593 2862 Auspicibusque
614 2775 685 2844 deis
705 2777 792 2844 tanti
811 2776 1022 2864 cognominis
1041 2775 1142 2843 heres

373 2897 492 2969 Omine
512 2899 692 2988 suscipiat,
713 2920 779 2988 quo
798 2909 908 2988 pater,
929 2899 1022 2969 orbis
1041 2919 1141 2984 anuo,
1163 2937 1211 2948 -

164 3127 198 3187 et
217 3118 244 3205 Ι,
268 3121 339 3189 285
362 3140 406 3189 ss.
426 3119 480 3204 iis,
501 3140 588 3208 quae
608 3120 649 3189 de
668 3119 750 3189 Iano
770 3128 850 3189 sunt
868 3119 1034 3206 exposita,
1052 3115 1248 3188 Germanici
1266 3114 1415 3185 laudatio

164 3241 320 3331 bonaque
339 3248 402 3330 pro
422 3263 461 3311 eo
482 3249 639 3330 suscepta
659 3249 735 3312 vota
756 3243 961 3312 succedunt:

322 3453 395 3523 Pax
413 3461 499 3537 erat,
520 3460 555 3524 et
575 3455 690 3542 vestri,
712 3453 926 3541 Germanice,
947 3475 1049 3524 causa
1065 3451 1231 3538 triumphi

376 3577 580 3648 Tradiderat
599 3577 742 3646 famulas
762 3579 829 3646 iam
849 3578 912 3647 tibi
932 3577 1071 3646 Rhenus
1090 3595 1206 3662 aquas.

323 3700 416 3791 lane,
437 3700 510 3771 face
530 3709 686 3800 aeternos
707 3722 821 3788 pacem
841 3703 1002 3791 pacisque
1022 3701 1208 3787 ministrae,

377 3824 469 3895 Neve
489 3835 587 3894 suum
605 3831 744 3912 praesta
762 3826 900 3895 deserat
918 3834 1040 3895 auctor
1060 3844 1155 3912 opus.

167 4048 304 4134 Augere
323 4047 413 4116 hunc
432 4067 610 4115 numerum
628 4047 857 4135 exemplorum
880 4068 947 4116 non
966 4040 1114 4132 dillicile,
1134 4046 1193 4115 sed
1212 4065 1419 4133 supervaca-

169 4192 269 4240 neum
290 4179 361 4259 est3
391 4174 542 4242 cernitur
561 4173 647 4241 enirn
667 4194 731 4243 non
760 4174 961 4266 inusitatum
984 4171 1088 4242 luisse
1108 4171 1204 4240 varia
1222 4179 1421 4258 argumenta

168 4294 203 4362 in
223 4294 413 4365 Caesarum
433 4295 551 4366 laudes
574 4295 768 4368 deflectere.
790 4297 900 4366 Ater
928 4296 992 4366 hoc
1019 4298 1092 4384 ipso
1122 4314 1246 4384 genere
1265 4294 1349 4362 haec
1368 4300 1421 4362 est

169 4418 340 4508 Propertii
367 4421 550 4492 condusio.
588 4419 686 4507 Quod
717 4432 831 4490 autem
867 4440 933 4488 non
964 4420 1164 4508 simpliciter
1200 4427 1233 4487 et
1264 4417 1421 4486 universe

169 4547 285 4616 nescio
308 4545 365 4633 qui
385 4544 428 4615 ad
448 4547 639 4634 Augustum
662 4526 867 4616 laudandum
891 4546 1122 4635 impelluntur,
1147 4530 1208 4614 sed
1231 4541 1422 4612 convivium
