3166 5146
667 257 876 326 ..10-

245 470 410 559 ignosces
429 469 537 559 igitur
556 469 586 539 sr
605 468 687 557 qum
706 467 770 539 cru
789 414 891 539 toste
911 465 1019 539 risen

327 593 516 666 Attulerint
535 593 645 665 nostri
668 632 713 644 --

136 734 176 842 ¹id
196 791 272 842 cnm
291 771 327 841 in
346 793 386 843 eo
405 772 499 843 dicat
520 770 611 842 libro
636 791 735 860 quem
759 776 796 842 et
822 771 969 862 primum
994 775 1029 840 et
1053 753 1260 857 singularem
1287 768 1410 857 edidit,

141 916 208 966 non
228 894 372 967 dubium
391 902 445 967 est
464 896 546 984 quin
565 895 650 966 nihil
665 895 901 986 nisisingnlas
916 894 1045 984 elegias
1061 893 1164 966 dicat.
1184 892 1296 982 Atque
1316 892 1410 963 idem

27 1086 36 1093 .
141 1019 235 1091 cadit
253 1020 288 1090 in
306 1020 372 1111 III,
395 1025 430 1112 2,
455 1023 513 1091 15.

246 1199 440 1271 Fortunata
457 1218 535 1270 meo
556 1199 671 1288 siqua
690 1205 743 1269 est
762 1197 938 1268 celebrata
955 1197 1087 1268 libello!

142 1397 230 1466 qnae
250 1377 356 1450 verbo
374 1377 532 1467 proximo
551 1381 767 1468 pentametro
785 1378 859 1466 ipse
879 1375 1047 1464 explicat:

290 1528 295 1538 ’
327 1554 488 1627 Carmina
507 1558 610 1626 erunt
628 1553 759 1626 formae
778 1560 830 1626 tot
849 1553 1060 1624 monimenta
1080 1559 1170 1623 tuae.

142 1731 231 1803 Nam
243 1737 279 1804 et
288 1733 447 1805 universe
463 1734 617 1823 loquitur
635 1734 848 1825 hexametro,
866 1754 942 1805 cnm
964 1733 999 1803 si
1019 1754 1095 1823 qua
1115 1730 1221 1820 dicat,
1238 1737 1273 1801 et
1288 1751 1414 1820 parum

142 1863 195 1928 est
213 1857 412 1948 verisimile,
442 1879 681 1948 quamcunque
700 1859 829 1948 laudet,
866 1862 940 1929 toto
963 1857 1054 1929 libro
1075 1855 1307 1959 laudaturum,
1328 1856 1415 1925 etsi

145 1981 297 2052 carmina
315 1980 460 2053 totidem
479 1981 609 2055 formae
630 1988 710 2057 suut
728 1985 951 2072 monimenta,
982 1981 1247 2072 unumquodque
1272 1999 1414 2051 carmen

141 2107 185 2177 ad
211 2105 386 2177 fortunam
412 2113 448 2177 et
470 2105 595 2178 famam
620 2109 695 2179 eius
715 2129 802 2198 quae
831 2107 992 2179 laudatur
1022 2105 1300 2178 constituendam
1328 2095 1438 2176 satis'

141 2230 245 2303 valet.
267 2231 353 2302 Item
373 2251 451 2302 cum
470 2232 515 2322 Il,
539 2234 600 2320 25,
623 2235 656 2303 3.
677 2232 751 2303 Ista
769 2233 866 2322 meis,
887 2231 1008 2321 inquit,
1025 2230 1083 2301 fiet
1101 2215 1281 2302 notissima
1300 2228 1412 2301 forma

120 2354 282 2445 libellis,
303 2344 355 2406 -’-
375 2356 450 2446 quis
471 2356 535 2426 sibi
555 2356 765 2445 persuadeat
783 2377 850 2426 non
870 2357 1020 2427 carmine
1042 2356 1152 2446 magis
1176 2377 1277 2447 quam
1296 2364 1407 2426 certo·

142 2500 219 2550 rum
238 2479 406 2552 librorum
425 2480 580 2552 ordinem
602 2490 637 2551 et
656 2481 856 2552 divisionem
878 2479 993 2552 dicere
1009 2482 1107 2570 quasi
1127 2481 1312 2572 quidquam
1328 2481 1411 2552 atti·

141 2609 222 2676 neat
268 2606 440 2694 quomodo
478 2605 539 2676 illa
571 2605 705 2695 digesta
737 2611 773 2677 et
805 2606 964 2677 ordinata
996 2606 1091 2677 sint?
1129 2605 1287 2698 Denique
1320 2605 1415 2697 qnod

1 2700 72 2810 Ῑὲεζῑῖ
140 2730 170 2819 1,
192 2732 227 2819 o,
251 2733 310 2800 13.
331 2727 375 2800 aa
392 2728 576 2800 Ponticum
597 2729 733 2800 serron:

248 2907 265 2977 Ι
284 2927 412 2997 quaeso
432 2912 468 2978 et
486 2906 599 2978 tristis
618 2907 704 2977 istos
725 2927 889 2996 compone
908 2906 1043 2978 libellos

327 3031 375 3103 Et
390 3053 474 3104 cane
494 3033 585 3123 quod
606 3034 746 3123 quaevis
765 3053 865 3104 nosse
884 3033 1001 3122 puella
1021 3033 1105 3105 velit
1126 3073 1172 3085 —

142 3210 192 3282 ibi
211 3210 293 3301 quin
311 3209 387 3301 ipsa
406 3216 567 3300 poemata
586 3211 695 3307 epioe,
716 3233 782 3283 non
801 3210 907 3282 libros
926 3211 962 3281 in
981 3232 1068 3300 quos
1088 3211 1341 3283 distribuantur
1360 3210 1416 3282 di-

144 3341 200 3406 cat
219 3341 319 3408 extra
338 3354 473 3406 omnem
496 3334 747 3406 dubitationem
770 3336 921 3423 positum
944 3335 1096 3406 videtur.
1127 3335 1204 3424 Qua
1221 3334 1419 3407 Lachman-
1457 3368 1462 3375 ¹

142 3481 206 3531 nus
226 3462 259 3532 vi
282 3459 407 3549 accipit
430 3459 600 3548 libellum,
626 3480 668 3530 ea
690 3459 893 3549 Propertius
912 3459 1037 3530 librum
1057 3461 1160 3532 dicit:
1181 3460 1226 3549 Il,
1254 3464 1288 3549 3,
1314 3465 1349 3531 4.
1367 3461 1418 3532 Ε1

142 3585 256 3675 turpis
275 3585 319 3656 de
337 3590 373 3655 te
392 3584 461 3654 iam
478 3584 569 3655 liber
588 3584 678 3656 alter
697 3585 822 3656 erit-
836 3591 872 3655 et
889 3584 934 3676 Il,
954 3589 1014 3674 24,
1035 3588 1066 3656 1.
1091 3585 1144 3655 Tu
1163 3584 1315 3674 loqueris
1335 3607 1416 3656 cum

142 3712 189 3782 sis
217 3715 297 3782 noto
324 3710 391 3781 iam
420 3709 538 3781 fabula
566 3710 656 3781 libro
685 3710 732 3780 Et
759 3716 820 3781 tna
846 3711 891 3782 sit
918 3716 994 3782 toto
1027 3709 1177 3800 Cynthia
1204 3710 1297 3781 lecta
1324 3708 1415 3784 foro.

142 3834 359 3926 Quamquam
382 3836 507 3907 ceteris
531 3834 662 3906 dnobus
683 3834 770 3905 locis
800 3834 859 3905 ubi
885 3842 1071 3924 usurpat-nr
1093 3835 1179 3905 haec
1209 3835 1311 3906 etiam
1347 3857 1416 3907 vox

141 3960 245 4031 latius
268 3965 365 4049 patet
388 3959 602 4048 similiusque
625 3958 742 4031 libello
764 3959 905 4031 dicitur:
931 3958 978 4048 II,
1007 3962 1039 4048 l,
1061 3963 1095 4029 2.
1120 3957 1219 4030 Unde
1238 3980 1335 4030 meus
1355 3981 1417 4032 vc-

142 4085 216 4157 niat
238 4085 357 4155 mollis
379 4084 415 4153 in
442 4104 505 4154 ora
531 4083 618 4154 liber
640 4123 686 4136 —
708 4089 745 4154 et
767 4083 829 4174 IV,
857 4087 892 4172 7,
919 4085 979 4154 50.
1011 4083 1133 4174 Longa
1157 4104 1234 4155 mea
1256 4085 1292 4154 in
1315 4084 1417 4157 libris

85 4204 88 4211 ’
144 4230 252 4300 regna
269 4207 367 4280 fuere
381 4207 465 4279 tuis.
486 4208 603 4299 Atque
623 4209 742 4280 eodem
761 4206 863 4281 modo
883 4208 1043 4279 volumen
1062 4208 1145 4279 dicit
1163 4209 1209 4299 II,
1231 4214 1262 4299 1,
1281 4213 1314 4280 6.
1337 4208 1416 4282 Hoc

142 4341 253 4406 totum
272 4355 291 4405 e
311 4332 382 4405 Goa
399 4337 497 4405 veste
515 4336 678 4406 volumen
702 4335 780 4406 erit.
807 4333 964 4405 Aliorum
981 4338 1161 4422 poetarum
1189 4333 1301 4405 minus
1333 4354 1416 4407 oon·

144 4463 239 4532 stans
267 4463 321 4530 est
348 4479 432 4531 usus
459 4458 577 4533 libelli.
611 4460 698 4533 Sunt
716 4459 823 4531 libelli
848 4458 943 4550 libri,
972 4463 1011 4529 nt
1030 4455 1092 4530 Ov.
1113 4459 1219 4529 Trist.
1240 4457 1284 4548 V,
1313 4462 1347 4549 1,
1367 4459 1416 4531 in.

144 4585 311 4657 —Hunc
331 4604 469 4676 quoqne
488 4583 529 4657 de
540 4586 676 4678 Getico,
688 4584 800 4657 nostri
818 4583 1145 4674 studIose,libellnm
1156 4582 1293 4656 Littore
1311 4606 1416 4675 prae-
