3166 5146
773 253 982 317 ..64-

239 460 397 531 adfertur
419 461 521 547 ratio,
547 480 590 529 ex
613 461 816 549 qualenam
844 470 1037 549 magnetem
1061 468 1097 530 et
1119 481 1200 531 aves
1228 461 1332 531 etiam
1353 480 1415 530 ena
1434 465 1510 530 arte

242 592 377 654 mutare
395 604 495 672 posse
514 584 754 672 perspiciatur.
785 584 898 656 Unum
926 586 1017 654 enim
1043 586 1102 674 qui
1121 591 1236 675 potest
1254 583 1404 674 efficere,
1425 585 1513 655 alte-

243 730 319 778 rum
341 709 443 778 etiarn
464 716 499 778 et
518 707 629 779 simile
655 707 793 779 efficere
821 729 923 798 posse
943 709 1123 797 probabile
1144 715 1218 795 est,
1249 693 1350 797 quam
1370 709 1513 780 eandem

242 833 444 922 Propertius
463 834 696 904 coniecturam
716 834 744 921 l,
770 840 803 920 1,
826 837 886 903 21.
908 854 954 903 ss.
976 833 1128 922 adhibet,
1159 835 1218 904 ubi
1238 834 1348 923 magis
1367 834 1513 922 pollice-

241 964 312 1045 tur,
332 958 362 1027 si
382 956 565 1047 Cynthiam
591 957 657 1027 sibi
681 958 912 1046 conciliariut,
942 978 979 1028 se
1000 959 1104 1028 etiam
1132 958 1248 1029 sidera
1273 964 1310 1028 et
1333 979 1450 1028 amnes
1469 958 1512 1028 ab

241 1063 285 1150 iis
304 1080 383 1151 duci
401 1081 640 1159 crediturum:

398 1295 453 1364 En
472 1296 617 1385 agedum
637 1295 793 1365 dominae
812 1302 961 1364 mentem
982 1295 1334 1366 convert'tenostrae

452 1418 500 1488 Et
518 1416 619 1489 facite
639 1419 697 1489 illa
715 1440 792 1489 rneo
812 1417 940 1507 palleat
960 1439 1020 1489 ore
1041 1419 1160 1507 magis.

400 1542 495 1611 Tunc
516 1563 579 1630 ego
598 1543 801 1613 crediderim
821 1543 918 1613 vobis
937 1550 972 1612 et
992 1542 1108 1614 sidera
1127 1548 1162 1613 et
1181 1564 1298 1614 amnes

453 1666 559 1737 Posse
581 1666 746 1756 Gytaines
766 1666 895 1738 ducere
915 1668 1136 1738 carminibus.

319 1893 465 1965 Prorsus
485 1861 647 1967 similiter
666 1903 781 1967 autem
802 1897 949 1987 quippe
970 1897 1097 1968 dicitur
1116 1899 1144 1986 l,
1164 1902 1198 1986 9,
1222 1900 1283 1969 26.
1304 1919 1348 1968 ss.

450 2109 574 2178 Acrius
593 2106 652 2175 illa
671 2106 776 2189 subit,
796 2107 951 2192 Pontice,
972 2109 1002 2176 si
1021 2129 1087 2195 qua
1107 2116 1166 2176 tua
1185 2116 1254 2191 est3

399 2231 552 2321 Quippe
571 2230 631 2301 ubi
649 2252 716 2300 non
736 2230 839 2298 liceat
857 2230 985 2298 vacuos
1003 2230 1170 2299 seducere
1190 2230 1328 2315 ocellos,

450 2355 522 2425 Nec
540 2355 685 2444 vigilare
704 2353 771 2423 alio
790 2353 936 2442 nomine,
958 2353 1060 2422 cedat
1078 2353 1207 2423 Amor?
1229 2392 1276 2404 —

240 2583 300 2654 ubi
332 2583 489 2654 adfertur
516 2585 625 2674 ratio,
669 2605 731 2654 cur
760 2603 848 2672 quae
885 2591 977 2653 amet
1014 2584 1091 2674 ipsa
1122 2584 1238 2654 acrius
1274 2589 1429 2670 ametur,
1474 2593 1508 2653 et

238 2686 290 2795 ll,¹
307 2711 342 2794 4,
364 2709 398 2776 7.
419 2727 465 2775 ss.

397 2918 474 2988 Non
493 2918 550 2988 hic
568 2918 677 2989 herba
696 2919 799 3008 valet,
818 2940 883 2990 non
904 2920 959 2990 hio
980 2926 1146 2990 nocturna
1166 2918 1317 3008 Cytaeis,

450 3043 529 3114 Nou
549 3044 772 3115 Perimedeae
791 3047 946 3134 gramina
967 3049 1067 3115 cocta
1085 3064 1218 3114 manus.

398 3166 532 3256 Quippe
549 3167 606 3236 ubi
627 3188 691 3238 nec
711 3189 832 3238 causas
851 3190 913 3239 nec
932 3175 1071 3255 apertos
1091 3169 1266 3238 cernimus
1284 3169 1387 3256 intua,

450 3289 551 3361 Unde
570 3296 683 3360 tamen
705 3291 842 3362 veniant
860 3297 914 3361 tot
932 3291 1022 3361 mala
1040 3312 1143 3362 caeca
1161 3293 1216 3363 via
1234 3298 1297 3362 est.
1315 3331 1366 3342 -

240 3519 301 3589 ubi
321 3519 448 3589 amoris
468 3539 545 3588 esse
564 3519 754 3591 remedium
781 3520 912 3591 idcirco
940 3530 1097 3612 negatur,
1126 3522 1217 3612 quod
1246 3522 1335 3592 unde
1363 3527 1399 3592 et
1423 3543 1509 3611 quo-

237 3644 340 3714 modo
360 3643 495 3713 oriatur
514 3643 699 3714 obscurum
719 3646 779 3732 sit;
800 3651 835 3716 et
853 3645 917 3749 ΠΙ,
940 3649 974 3734 3,
998 3650 1059 3716 47.

398 3853 533 3944 Quippe
553 3864 736 3957 coronatos
755 3858 904 3930 alienum
922 3859 965 3928 ad
984 3859 1088 3929 limen
1106 3866 1260 3929 amantes

449 3979 716 4072 Nocturnaeque
735 4002 836 4052 canes
856 3982 954 4053 ebria
973 3974 1071 4070 signa
1088 3980 1205 4072 fugae3
1227 4023 1276 4034 -

237 4191 363 4281 quibus
386 4194 545 4265 versibus
569 4194 726 4285 docetur,
751 4216 814 4266 cur
830 4197 1068 4286 Propertium,
1097 4197 1133 4267 id
1156 4197 1246 4286 quod
1271 4194 1507 4268 antedictum

237 4323 303 4405 est,
328 4317 395 4388 alia
419 4327 453 4388 et
475 4321 635 4409 graviora
660 4331 856 4410 poematum
884 4330 1087 4412 argumenta
1112 4321 1309 4412 relinquere
1334 4328 1505 4410 oporteat.

239 4437 319 4510 Sive
338 4442 446 4530 igitur
466 4446 633 4517 rationem
659 4446 712 4516 vel
737 4449 1066 4536 argumentationem
1089 4447 1319 4517 uberiorem
1343 4449 1507 4536 exposi-
1544 4544 1549 4550 ι

235 4565 387 4639 tionem
407 4568 503 4651 dicit,
524 4591 564 4642 ea
579 4573 635 4645 hic
650 4593 787 4663 quoque
806 4572 1099 4663 deprehenditur:
1120 4573 1191 4644 sive
1211 4571 1316 4662 aliud,
1335 4572 1404 4642 vim
1423 4592 1506 4661 par-
