3166 5146
686 239 893 306 ...16-

154 451 359 518 antemium
379 447 534 537 apertius
557 453 630 517 tum
655 448 782 518 tectius
806 467 848 518 66
877 468 965 537 qnae
982 454 1181 537 sequnntur
1204 447 1357 518 carmina
1375 453 1427 518 at·

151 573 298 661 tingunt.
332 571 484 660 Quorum
515 572 666 643 omnium
686 572 770 643 nihil
791 572 899 643 estin
918 594 959 643 ea
978 573 1021 644 de
1041 592 1110 661 qna
1128 572 1276 643 dicimus
1300 572 1424 663 elegia.

153 696 243 768 Nam
265 697 355 787 quod
374 697 568 788 appellatur
587 697 778 788 Augustus,
804 699 839 769 id
857 703 927 769 tam
946 699 1014 769 1616
1033 705 1130 789 patet
1149 703 1287 787 tamque
1305 697 1426 769 multis

151 821 259 892 estin
278 823 491 894 carminibus
510 823 599 893 alius
619 823 687 894 loci
709 829 748 893 nt
762 824 847 895 nihil
862 823 941 895 inde
957 825 1068 912 possit
1087 823 1229 913 coniici;
1251 825 1343 913 qnod
1363 844 1424 894 au-

151 951 222 1018 tem
260 968 399 1019 carmen
435 948 582 1019 forsitan
619 949 777 1039 proxime
814 950 857 1021 ab
894 969 936 1020 eo
974 949 1097 1020 abesse
1135 948 1311 1040 videatur,
1346 949 1424 1020 dico

153 1072 276 1145 Horat.
305 1071 353 1165 ΙΙ,
387 1076 431 1164 1.,
461 1073 497 1144 11
525 1076 698 1175 sinerum
727 1075 927 1165 quaerimus
952 1074 1174 1144 nihilominus
1201 1073 1425 1144 vehementer

152 1196 278 1268 differt.
302 1197 382 1269 Etsi
405 1199 494 1269 enim
519 1206 703 1290 utrumqne
731 1200 766 1269 in
790 1201 880 1270 serio
903 1200 1070 1289 gravique
1099 1204 1301 1291 argumento
1322 1198 1425 1268 dissi·

152 1322 292 1413 milique
311 1325 601 1413 consequentibus
617 1323 828 1395 carminibus
841 1328 1013 1414 versatur,
1030 1323 1201 1394 Horatius
1217 1331 1424 1394 tamencum

94 1458 98 1465 '
154 1454 314 1520 extrema
333 1450 477 1538 stropha
496 1450 538 1521 ab
559 1471 599 1520 ea
618 1450 790 1540 gravitate
806 1451 880 1539 ipse
901 1471 937 1520 se
956 1455 1099 1522 revocat
1112 1449 1325 1538 reliquorum
1347 1471 1424 1520 car·

154 1576 281 1646 minum
302 1575 474 1647 diversum
500 1597 610 1666 genus
638 1574 824 1666 significat,
848 1574 1053 1674 Propertius
1076 1576 1181 1666 plura
1206 1583 1241 1645 61
1263 1576 1428 1664 graviora

154 1699 330 1789 pollicitus
349 1720 525 1790 paucaque
554 1702 629 1773 eius
652 1700 790 1789 generis
819 1701 853 1770 in
878 1701 1073 1789 praesentia
1098 1721 1283 1790 aggressus
1302 1700 1425 1770 horum

155 1825 309 1914 ipsorum
330 1825 415 1896 satis
435 1826 540 1897 habet
558 1826 735 1896 levitatem
759 1845 952 1915 excusasse,
977 1831 1017 1894 11
1040 1826 1150 1895 omnis
1169 1826 1243 1895 eins
1263 1825 1427 1914 cogitatio

154 1950 221 2020 hoc
240 1950 392 2021 carmine
412 1951 640 2042 contineatur,
656 1951 801 2021 aliorum
819 1951 944 2021 diversi
960 1951 1098 2040 generis
1117 1959 1317 2038 poematum
1337 1951 1428 2021 nulla

156 2094 300 2162 usquam
337 2081 501 2145 cernatur
530 2075 734 2165 designatio.
769 2073 867 2162 uum
887 2076 914 2145 si
948 2075 990 2145 ab
1019 2077 1149 2145 usitata
1177 2075 1427 2146 consuetudine

157 2219 276 2269 eorum
295 2199 420 2288 quibus
439 2200 520 2271 novi
538 2200 619 2270 libri
638 2200 844 2270 inchoantur
862 2200 1049 2271 carminum
1066 2206 1196 2271 tanturn
1213 2200 1332 2272 differt
1345 2201 1423 2272 baec

157 2323 285 2414 elegia,
312 2344 380 2412 qno
403 2325 479 2395 inre
503 2308 625 2396 contra
647 2325 755 2396 libros
778 2326 1034 2415 manuscriptos
1059 2331 1246 2416 contraque
1270 2333 1419 2398 vetemm

157 2451 328 2521 editorum
348 2450 574 2521 auctoritates
590 2472 712 2521 novum
732 2451 775 2522 ah
797 2471 837 2520 6ο
860 2451 986 2521 librum
1005 2450 1217 2539 inchoemus,
1235 2472 1312 2521 cum
1330 2472 1425 2540 prae·

157 2573 276 2643 sertim
296 2571 339 2642 ad
359 2593 418 2643 eas
438 2577 660 2645 auctoritates
679 2577 829 2663 ipsorum
850 2578 1005 2644 veterum
1030 2577 1238 2664 scriptorum
1263 2577 1432 2648 accedant

158 2696 369 2786 testimonia,
380 2697 505 2786 quibus
515 2703 665 2787 quatuor
680 2719 747 2770 non
762 2699 913 2788 quinque
924 2696 1031 2770 finisse
1041 2699 1149 2770 libros
1159 2699 1336 2789 Propertii
1349 2720 1433 2770 con·

157 2818 338 2892 firmatur?
356 2822 468 2895 Unum
490 2824 581 2912 quod
597 2822 848 2912 Hertzhergius
867 2829 1036 2895 memorat
1049 2824 1331 2916 (QnProppag.
1343 2826 1434 2915 215)

159 2946 269 3036 ipsius
278 2947 455 3038 Propertii
469 2954 533 3038 661,
549 2947 663 3038 quill,
678 2948 861 3040 611111
875 2949 1042 3039 loqueris,
1062 2951 1183 3040 inquit,
1196 2973 1274 3021 cnm
1290 2951 1339 3022 sis
1349 2959 1433 3022 noto

158 3072 227 3142 iam
246 3069 364 3144 fabula
381 3073 482 3145 libro.
494 3073 542 3144 Et
561 3081 621 3144 1116
640 3074 685 3145 611
704 3081 777 3145 toto
791 3073 941 3164 Cynthia
959 3075 1049 3146 lecta
1068 3073 1161 3164 lor03
1183 3077 1281 3147 cuius
1295 3077 1324 3147 si
1344 3098 1433 3167 pon-

160 3197 225 3268 dus
234 3198 477 3271 Lachmannus
496 3220 537 3270 eo
558 3199 696 3270 elevare
715 3199 845 3289 studet,
856 3207 895 3270 ut
914 3200 1058 3271 alterum
1071 3202 1284 3290 tertiumque
1302 3200 1432 3273 librum

160 3321 262 3394 simul
286 3325 398 3395 editos
421 3324 526 3412 dicat,
551 3324 586 3393 id
608 3344 671 3413 pro
695 3333 899 3415 argumento
922 3324 1022 3396 affert
1045 3328 1136 3416 quod
1161 3328 1274 3416 ipsum
1298 3327 1435 3417 indiget

161 3450 480 3537 argumentationis
520 3450 696 3538 Alterum,
727 3449 818 3539 qnod
846 3450 979 3539 primns
1008 3450 1269 3522 Heimreichins
1301 3472 1433 3523 memo-

161 3573 251 3646 ravit
268 3572 423 3664 (Quaest.
444 3575 547 3665 Prop.
568 3597 647 3666 pag.
672 3576 747 3666 32.)
771 3582 806 3645 et
829 3582 907 3664 post
925 3576 1022 3647 illum
1042 3574 1218 3647 Luciacus
1236 3577 1434 3649 Muellerus

161 3698 293 3790 (Praei.
331 3700 386 3772 61.
425 3700 601 3789 Propertii
639 3699 825 3771 editionem
861 3702 940 3774 XII.
980 3704 1036 3793 6.),
1074 3706 1127 3771 661
1163 3702 1277 3792 Nonii,
1309 3704 1368 3794 qui
1398 3705 1434 3774 in

161 3845 239 3915 pag.
265 3829 350 3898 169.
368 3848 395 3899 6.
416 3848 449 3897 1.
470 3825 698 3896 secundare
722 3827 815 3897 hunc
843 3847 999 3898 versum:
1027 3827 1106 3898 Jam
1125 3826 1292 3916 liquidum
1317 3829 1435 3900 nautis

161 3970 246 4020 aura
269 3951 435 4023 secundat
459 3951 527 4021 iter
551 3989 599 4003 —
624 3961 746 4040 aperte
770 3953 860 4023 libro
884 3952 1006 4042 tertio,
1030 3973 1096 4023 non
1128 3962 1251 4043 quarto
1274 3953 1433 4025 ascribit.

163 4071 270 4161 Quem
298 4096 477 4147 numerum
506 4076 572 4147 etsi
595 4075 635 4146 L.
655 4076 848 4149 Muellerus
876 4079 977 4150 docet
999 4075 1101 4148 facile
1124 4079 1278 4166 potuisse
1301 4099 1371 4148 una
1391 4099 1437 4150 ex

163 4205 315 4287 quatuor
333 4203 404 4273 iota
424 4202 552 4300 omissa
571 4201 735 4292 existere,
755 4223 821 4273 non
841 4209 954 4274 tamen
973 4209 1044 4273 tam
1073 4203 1156 4273 nihil
1182 4203 1340 4274 codicum
1370 4224 1434 4275 au·

163 4327 318 4399 ctoritati
331 4329 552 4399 tribuendum
563 4333 658 4417 puto,
670 4333 709 4397 ut
725 4329 776 4399 vel
792 4328 1087 4401 consentientibus
1098 4350 1217 4400 eorum
1228 4328 1437 4400 testimoniis

33 4456 37 4461 '
163 4474 406 4543 repugnemus.
432 4454 497 4526 His
519 4455 626 4544 igitur
645 4454 839 4525 rationibus
864 4453 1003 4526 adducti
1028 4461 1063 4525 61
1081 4455 1239 4526 ultimum
1257 4453 1442 4544 Propertii
