3166 5146
696 297 744 305 -..
777 262 817 326 51
856 296 901 306 .-

162 484 256 534 mum
277 466 332 553 sit,
352 467 462 554 ipsum
482 487 596 537 secum
617 474 850 556 pugnaturum
872 488 949 539 esse
963 468 1205 556 horoscopum,
1223 469 1280 557 qui
1301 491 1376 540 cum
1396 479 1432 542 et

164 599 244 657 ante
264 598 300 659 et
322 597 402 678 post
425 592 468 661 de
493 613 561 662 uno
586 614 703 664 amore
726 593 890 682 loquatur
916 592 980 663 hoc
1004 592 1155 663 disticho
1178 593 1269 664 idem
1288 594 1431 668 alterius
1513 598 1517 607 '

162 714 290 783 amoris
312 716 523 786 mentionem
545 715 661 787 faciat.
688 717 777 788 Nam
805 724 840 788 et
868 717 1099 805 horoscopum
1128 738 1251 787 rursus
1279 739 1298 788 a
1327 740 1431 791 versu

167 840 251 907 139.
281 839 375 928 loqui
408 848 528 911 contra
556 842 829 912 Heimreichium
868 843 1096 930 demonstrat,
1126 848 1162 912 et
1189 837 1364 913 rostrum
1395 855 1432 915 et

162 981 298 1031 ansam
319 964 362 1035 de
382 985 471 1036 novo
492 986 601 1037 novoe
620 966 755 1054 puellae
775 987 891 1037 amore
906 966 993 1036 dicit
1007 966 1217 1054 accipienda.
1236 968 1323 1039 Cum
1339 969 1428 1038 enim

163 1106 252 1155 unus
271 1085 391 1159 hamus
411 1092 476 1160 etsi
496 1092 543 1161 sit
563 1091 687 1180 duplex
711 1092 761 1161 ita
783 1091 898 1162 excuti
923 1096 1086 1180 nequeat,
1116 1100 1155 1162 ut
1172 1113 1240 1162 uua
1254 1101 1354 1182 parte
1372 1115 1429 1164 re-

161 1217 255 1280 mota
274 1213 383 1284 altera
401 1215 432 1285 is
451 1216 511 1305 qui
540 1225 660 1306 captus
690 1215 798 1286 fuerit
826 1215 937 1286 denuo
961 1216 1132 1304 capiatur,
1157 1217 1301 1287 alterum
1327 1239 1430 1290 unco

161 1333 311 1407 alterum
329 1359 426 1409 ansa
444 1347 654 1411 tormentum
677 1340 829 1430 duasque
857 1340 1001 1431 puellm,
1031 1362 1100 1411 non
1120 1361 1224 1410 unam
1244 1341 1428 1431 designari.

159 1459 199 1528 In
221 1481 288 1549 qua
306 1467 606 1553 argumentatione
627 1465 776 1554 primum
804 1465 870 1535 hoc
895 1464 1129 1554 concedimus
1158 1465 1341 1555 horoscopi
1362 1487 1452 1536 non.
1563 1548 1569 1557 ¹

162 1586 360 1675 Appollinis
378 1589 442 1659 hos
465 1611 540 1660 esse
567 1611 706 1676 versus,
732 1610 939 1679 quamquam
964 1590 1062 1660 nobis
1085 1588 1235 1679 quidem,
1263 1596 1431 1680 utsupra

159 1712 372 1803 aperuimus,
393 1734 460 1783 uon
479 1715 516 1785 hi
535 1714 656 1800 solum,
682 1715 741 1785 sed
766 1715 871 1784 etiam
895 1715 1093 1801 superiores
1112 1715 1265 1785 eiusdem
1286 1736 1362 1785 esse
1381 1717 1431 1786 vi-

160 1834 296 1924 dentur,
322 1843 360 1906 ut
385 1838 534 1927 Apollini
554 1837 667 1907 nullus
692 1837 920 1926 relinquatur.
946 1837 1067 1926 Neque
1091 1836 1176 1906 illud
1201 1858 1378 1925 negamus
1400 1839 1429 1907 si

160 1957 417 2030 transferantur
436 1963 470 2030 in
489 1962 592 2032 alium
622 1963 746 2051 locum,
767 1962 809 2032 de
837 1961 997 2050 pluribus
1021 1960 1145 2051 puellis
1172 1981 1272 2050 posse
1296 1963 1427 2051 accipi:

161 2103 228 2171 quo
242 2082 323 2154 loco
341 2085 376 2154 in
397 2085 496 2155 libris
515 2087 758 2175 manuscriptis
777 2087 880 2174 positi
903 2086 983 2175 sint,
1008 2106 1076 2156 non
1094 2106 1207 2175 posse.
1230 2085 1299 2156 Sed
1319 2109 1428 2177 quan·

160 2214 232 2276 tum
252 2229 313 2278 nos
333 2209 489 2279 videmus
504 2211 594 2280 'nihil
615 2218 671 2280 est
697 2211 731 2281 in
761 2212 804 2280 iis
828 2232 894 2300 quo
919 2212 962 2281 de
983 2230 1051 2280 uno
1071 2215 1131 2280 aut
1150 2211 1348 2281 continuato
1368 2220 1429 2284 aut

159 2331 397 2421 redintegrato
418 2354 536 2403 amore
556 2336 712 2422 cogitare
735 2334 993 2423 prohibeamur.
1019 2333 1174 2402 Primum
1198 2335 1299 2421 enim,
1320 2336 1348 2402 si
1367 2356 1427 2404 ve-

160 2477 237 2525 rum
268 2457 477 2545 quaerimus,
503 2478 546 2527 ne
565 2458 689 2527 hamus
714 2457 852 2546 quidem
876 2477 897 2527 a.
915 2477 954 2526 re
973 2456 1105 2525 alienus
1126 2462 1191 2525 est.
1216 2455 1305 2526 Nam
1327 2458 1355 2526 si
1375 2459 1429 2547 pi-

159 2581 239 2668 scis,
261 2601 339 2651 eum
359 2581 531 2670 duplicem
553 2602 632 2651 oum
651 2601 731 2651 esua
749 2581 888 2651 hamum
907 2601 965 2650 ore
985 2581 1129 2669 recepit,
1152 2601 1219 2650 una
1238 2581 1311 2650 eius
1329 2588 1429 2671 parte

157 2705 397 2793 apprehensus
426 2706 533 2776 iactat
552 2712 658 2795 caput
677 2711 713 2776 et
732 2711 770 2775 ut
791 2703 934 2777 Ovidius
953 2705 1004 2774 ait
1021 2704 1210 2776 Halieutic.
1235 2708 1294 2775 39.
1318 2727 1364 2776 ss.

315 2955 485 3026 Discursu
504 2954 617 3026 fertur
635 2955 732 3024 uario
751 2954 945 3041 fluctusque
964 2950 1115 3022 ferentes

316 3078 545 3166 Prosequitur
565 3083 774 3166 quassatque
794 3082 911 3165 caput,
931 3076 1013 3145 dum
1032 3076 1175 3146 vulnere
1194 3097 1316 3146 saevus

316 3201 449 3272 Laxato
470 3203 570 3273 cadat
587 3202 711 3272 hamus
731 3209 766 3272 et
785 3220 846 3270 ora
865 3200 1023 3290 patentia
1041 3200 1194 3287 linquat:

157 3473 220 3523 cur
257 3473 324 3522 nou
351 3454 417 3523 hac
454 3452 533 3541 ipsa
565 3452 685 3541 capitis
718 3451 906 3522 iactatione
945 3451 1121 3521 contraria
1158 3471 1240 3538 pars
1278 3451 1348 3521 oris
1376 3452 1426 3522 al-

156 3584 233 3648 tero
272 3576 365 3646 hami
402 3597 486 3648 unco
524 3585 585 3647 aut
621 3577 809 3665 arripiatur
846 3581 907 3645 aut-
942 3578 1057 3644 tamen
1092 3594 1192 3662 posse
1229 3576 1336 3664 arripi
1375 3576 1425 3642 vi-

156 3701 304 3772 deatur?
324 3700 446 3790 Neque
475 3701 566 3772 enim
585 3700 628 3772 ad
658 3703 773 3771 vivum
801 3701 917 3772 omnia
935 3699 970 3768 in
989 3698 1218 3769 translatione
1237 3698 1427 3768 resecanda

156 3834 258 3916 sunt,
301 3826 361 3895 sed
399 3826 592 3917 claudicat,
636 3834 675 3897 ut
716 3826 831 3916 aiunt,
875 3824 985 3896 omnis
1023 3822 1258 3913 comparatio,
1295 3821 1425 3923 ridicu·

154 3953 248 4042 lique
276 3952 449 4040 videntur,
491 3953 549 4041 qui
578 3973 599 4022 a
626 3950 738 4040 poetis
766 3947 935 4040 flagitant,
974 3954 1013 4019 ut
1042 3949 1077 4017 in
1104 3948 1147 4017 iis
1172 3965 1260 4034 quae
1285 3966 1424 4034 eompa-

154 4087 234 4147 rent
251 4076 435 4146 veritatem
456 4097 603 4165 semper,
623 4095 797 4164 nunquam
822 4075 971 4164 speciem
996 4076 1195 4161 sequautur.
1216 4069 1352 4140 Verum
1371 4081 1424 4141 ta·

154 4222 233 4271 men
261 4202 326 4272 hoo
362 4201 476 4292 ipsum
509 4199 693 4271 admodum
727 4198 867 4268 dubium
902 4208 971 4287 est,
1011 4197 1099 4267 sitne
1127 4195 1212 4267 haec
1241 4194 1423 4266 translatio

155 4333 332 4416 sumptae
352 4348 391 4396 re
411 4325 611 4415 piscatoria.
631 4325 786 4395 Primum
808 4323 897 4393 enim
917 4323 983 4393 etsi
1008 4321 1135 4410 duplex
1153 4320 1275 4390 hamus
1296 4340 1423 4389 memo-

154 4459 255 4522 ratur
274 4473 293 4521 a
313 4451 436 4522 Persio
457 4448 529 4519 Sat.
548 4448 591 4536 V,
607 4452 679 4519 154
700 4447 842 4538 (duplici
860 4448 895 4516 in
915 4446 1089 4516 diversum
1110 4444 1277 4515 scinderis
1296 4444 1425 4530 hamo),

155 4596 277 4666 parum
301 4582 417 4645 tamen
440 4574 547 4662 liquet
571 4573 652 4663 quid
677 4573 773 4643 sitin
803 4594 842 4644 eo
872 4592 992 4661 uncuS,
1027 4569 1109 4658 quid
1137 4590 1232 4656 ansa,
1259 4567 1343 4656 quid
1371 4585 1424 4635 ro-

1174 4706 1211 4757 4*
