3166 5146
804 219 1012 303 ..464

275 456 329 532 est
348 455 388 517 ut
405 447 561 534 superari
580 466 648 515 non
666 445 788 535 possit.
819 443 940 516 Omnis
963 464 1066 516 causa
1090 445 1203 534 posita
1230 453 1284 516 est
1311 446 1345 515 in
1365 454 1461 516 recte
1483 465 1542 516 ex·

275 571 442 660 plicandis
460 569 528 641 illis
547 570 723 661 pretium
742 568 880 640 iecere
901 569 1018 640 Deos.
1040 567 1136 656 Quae
1155 570 1270 659 quavi
1290 570 1452 640 dicantur
1470 590 1544 640 cer·

276 697 370 766 nitur
399 715 440 765 ex
458 695 534 765 Lir.
554 693 683 783 XXIV,
709 698 767 765 15.
793 695 868 782 (nec
897 693 965 763 alia
982 694 1092 782 magis
1112 693 1303 763 Romanum
1331 693 1545 784 impediebat

275 840 331 890 res
360 840 461 908 quam
490 818 604 905 capita
631 818 780 888 hostiurn
807 818 942 905 pretia
965 817 1135 888 libertatis
1159 816 1274 906 iacta),
1302 839 1401 908 quem
1426 818 1544 889 locum

274 942 546 1014 Luettiohanues
565 943 612 1032 (p.
634 943 705 1032 13.)
721 962 800 1013 curu
819 941 896 1011 aliis
916 941 1027 1011 minus
1047 940 1215 1012 similibus
1234 941 1359 1012 adfert.
1382 941 1430 1014 Ut
1448 944 1543 1013 enim

275 1069 390 1156 capita
413 1067 563 1137 hostium
595 1066 768 1136 libertatis
800 1064 885 1135 iacit
920 1065 1045 1155 pretia,
1083 1066 1143 1154 qui
1179 1067 1222 1136 iis
1258 1066 1459 1137 libertatem
1484 1075 1545 1137 aut

275 1192 350 1281 ipse
387 1191 471 1262 emit
506 1197 567 1260 aut
602 1190 662 1259 alii
701 1200 741 1258 ut
778 1196 893 1258 emant
929 1186 1048 1277 efficit,
1080 1190 1129 1260 ita
1165 1189 1328 1279 astrologi
1356 1191 1451 1261 Deos
1490 1192 1545 1261 vel

274 1316 407 1387 zodiaci
428 1315 525 1404 signa
547 1315 700 1403 pretium
714 1313 858 1400 faciunt,
875 1307 955 1383 cum
967 1333 1030 1403 pro
1051 1314 1106 1401 iis,'
1123 1333 1211 1402 quae
1227 1315 1386 1403 accipere
1404 1315 1540 1405 volunt,

276 1461 344 1510 non
373 1440 547 1529 pecunias
578 1437 638 1508 sed
665 1437 932 1508 vaticinationes
960 1437 1109 1527 solvunt,
1141 1439 1358 1527 optatissima
1384 1460 1544 1530 quaeque

226 1646 229 1651 Α
276 1563 531 1634 consulentibus
550 1561 792 1651 praedicendo.
818 1559 917 1648 Quod
944 1561 1112 1650 quomodo
1132 1561 1261 1632 iaciant
1285 1564 1485 1634 ostenditur
1505 1585 1545 1635 eo

278 1688 369 1777 quod
402 1687 580 1777 sequitur:
617 1695 652 1756 et
679 1684 842 1755 fallitur
871 1705 956 1755 auro
984 1684 1187 1774 Iuppiter,
1221 1725 1267 1737 -
1296 1686 1355 1756 ubi
1384 1688 1472 1777 quid
1500 1689 1545 1759 sit

275 1808 397 1882 fallere
416 1811 622 1900 intelligitur
641 1830 684 1881 ex
704 1810 804 1882 Ovid.
826 1809 922 1879 Fast.
944 1808 988 1897 V,
1013 1811 1100 1881 683.
1123 1831 1168 1880 ss.
1414 1795 1420 1807 ’

487 2039 565 2111 Sive
585 2060 648 2129 ego
667 2048 702 2110 te
721 2038 789 2109 leci
807 2048 929 2109 testem
950 2037 1075 2109 falsove
1096 2040 1198 2110 citavi

539 2164 615 2234 Non
635 2162 787 2233 audituri
807 2163 947 2232 numina
966 2184 1089 2250 magna
1108 2163 1217 2247 lovis;

488 2287 569 2358 Sive
589 2287 701 2358 Deum
721 2287 871 2374 prudens
890 2286 994 2356 alium
1013 2286 1180 2357 Divamve
1199 2284 1398 2358 fefelli-

276 2508 312 2570 et
331 2504 407 2571 Am.
428 2500 493 2589 111,
517 2505 576 2590 ll,
597 2503 646 2570 45
667 2521 694 2570 s.
717 2499 827 2570 Parce
846 2519 909 2588 per
928 2520 948 2569 o
966 2499 1046 2570 lecti
1067 2479 1208 2570 socialia
1226 2500 1314 2590 iura,
1339 2521 1406 2590 per
1425 2522 1539 2576 omnes

540 2622 606 2709 Qui
626 2625 709 2694 dent
727 2621 896 2692 fallendos
917 2643 955 2692 se
975 2624 1039 2694 tibi
1059 2644 1162 2714 saepe
1182 2623 1290 2694 Deos!

278 2844 315 2904 ut
335 2855 401 2904 non
422 2841 517 2905 esset
534 2854 596 2905 cur
610 2833 863 2923 Hertzbergius
880 2841 1026 2923 negaret
1045 2832 1116 2904 falli
1134 2835 1235 2925 Deos,
1256 2838 1285 2907 si
1305 2838 1385 2926 quis
1403 2835 1537 2909 fallendi

277 2979 382 3029 causa
400 2959 592 3030 nominibus
611 2979 727 3029 eorum
747 2959 964 3029 abuteretur.
991 2958 1059 3030 Sed
1079 2958 1122 3028 ab
1143 2959 1263 3031 eodem
1284 2961 1343 3032 illo
1361 2964 1540 3052 pretium

275 3081 412 3154 fecere
432 3104 511 3174 oum
530 3083 657 3172 reliqui
676 3083 881 3154 accusativi:
911 3084 1020 3173 signa,
1050 3082 1179 3170 stellas,
1209 3085 1315 3174 sidus,
1339 3088 1540 3158 tum-inter·

275 3209 409 3298 rogatio
438 3229 526 3298 quae
554 3209 711 3298 sequitur
729 3216 810 3298 apta
829 3216 898 3279 est:
932 3208 1035 3298 Quid
1063 3219 1251 3282 moveant
1277 3212 1417 3300 pisces
1447 3220 1541 3302 cett,

277 3352 363 3421 quae
383 3331 521 3419 quidem
540 3351 602 3420 pro
622 3331 838 3402 substantivo
859 3332 1048 3402 momenti
1077 3333 1273 3424 adhibetur,
1299 3336 1349 3406 sio
1367 3344 1488 3407 tamen
1507 3341 1544 3407 ut

275 3477 343 3527 non
360 3455 396 3526 id
415 3453 507 3544 qnod
522 3455 579 3542 sit,
595 3456 654 3525 sed
674 3454 765 3545 quod
778 3454 930 3545 fingatur
950 3477 1025 3527 esse
1040 3467 1250 3529 momentum
1270 3459 1489 3551 designetur,
1506 3468 1545 3531 ut

276 3587 371 3652 recte
389 3578 684 3669 Naegelsbachius
702 3578 794 3667 (Lat.
814 3577 837 3648 S
857 3632 863 3650 .
893 3578 924 3671 ᾗ,
955 3582 1016 3670 37,
1043 3582 1093 3671 3.)
1113 3581 1213 3652 docet
1231 3603 1294 3671 pro
1313 3584 1544 3656 nominalibus
1571 3584 1580 3605 ¹

275 3703 439 3775 subiectis
458 3709 519 3774 aut
537 3703 684 3775 obiectis
703 3704 994 3791 interrogationes
1014 3706 1187 3794 usurpari,
1207 3706 1338 3797 siquid
1358 3727 1402 3779 ex
1422 3728 1545 3780 rerum

275 3829 422 3900 veritate
446 3827 480 3897 in
509 3827 703 3915 opinionem
730 3831 766 3919 et
793 3824 1041 3899 dubitationem
1065 3828 1269 3902 deducatur.
1300 3828 1401 3918 Quod
1425 3839 1547 3905 autern

275 3954 317 4024 ab
335 3951 456 4022 iisdem
476 3950 591 4021 verbis
611 3958 646 4020 et
665 3951 881 4022 accusativus
900 3952 1026 4024 obiecti
1047 3957 1083 4022 et
1101 3953 1328 4042 interrogatio
1347 3955 1493 4048 pendat,
1511 3956 1548 4029 id

274 4077 415 4147 hicnon
433 4074 542 4162 magis
561 4079 699 4163 oportet
718 4073 892 4146 offendere
911 4097 1012 4165 quam
1028 4075 1075 4166 ΙΙ,
1097 4079 1158 4166 34,
1181 4079 1242 4149 67.
1262 4096 1325 4148 ss:

379 4305 431 4375 Tu
452 4304 548 4375 canis
566 4303 719 4377 umbrosi
739 4305 858 4377 subter
876 4307 994 4395 pineta
1013 4304 1151 4377 Galaesi

432 4428 581 4520 Thyrsin
602 4435 637 4500 et
655 4430 785 4501 attritis
803 4430 963 4522 Daphnin
982 4429 1220 4521 arundinibus

379 4552 493 4642 thue
513 4554 631 4625 decem
649 4555 786 4643 possint
805 4575 1027 4645 eorrumpere
1047 4555 1137 4626 mala
1155 4555 1305 4645 puellam
1317 4594 1367 4608 --
