3166 5146
647 316 652 321 .
774 217 986 286 -oo-

317 433 432 522 Negat
451 434 493 501 at
509 429 545 499 in
563 448 615 499 vs.
638 429 697 498 23.
719 427 847 496 iustam
866 423 996 496 habere
1014 425 1283 514 oppositionem.
1324 426 1398 499 Cur
1418 436 1523 520 neget

239 580 309 630 uon
336 555 443 627 addit.
482 552 519 624 si
549 551 631 641 quid
658 555 776 621 tamen
803 549 888 620 licet
916 549 1103 637 coniicere,
1132 550 1198 621 hoc
1227 550 1344 622 dicere
1367 551 1519 643 videtur,

241 680 341 752 mihi
361 678 453 772 quod
472 681 527 748 est
544 680 626 765 post
645 678 696 762 at,
719 673 848 744 nemini
866 672 925 743 alii
944 674 1084 762 opponi,
1104 693 1181 744 cunr
1196 674 1296 762 prius
1310 677 1416 746 etiam
1429 674 1521 766 Cyn-

239 806 315 876 thia
333 805 409 893 ipsa
429 801 472 871 de
492 821 528 870 se
547 799 724 888 loquatur.
763 798 814 868 Ac
845 817 949 885 saepe
969 795 1108 887 quidem
1127 800 1523 889 pronomen-personale

241 927 383 998 additur
402 925 451 994 ita
469 920 513 992 ad
533 921 812 993 coniunctionem
830 925 882 1008 at,
903 928 942 990 ut
961 919 1022 991 alii
1035 940 1206 1009 personae
1221 928 1429 1011 opponatur,
1450 925 1523 994 sive

117 1033 121 1040 ¹
242 1070 283 1122 ea
310 1047 483 1139 oppositio
512 1047 597 1135 ipsis
625 1045 784 1134 personis
808 1044 1021 1136 continetur,
1052 1045 1125 1115 sive
1145 1066 1223 1116 cum
1242 1046 1286 1116 iis
1306 1049 1397 1118 totas
1418 1047 1523 1118 simul

241 1172 433 1245 sententias
452 1169 683 1258 amplectitur.
722 1166 815 1238 Illud
835 1173 889 1237 est
907 1168 942 1236 111
962 1168 1026 1258 IV,
1049 1170 1083 1259 3,
1107 1172 1173 1239 29:

349 1366 397 1435 At
417 1363 500 1433 mihi
520 1383 598 1433 cum
618 1366 738 1432 noctes
759 1359 897 1430 induxit
914 1359 1052 1449 Vesper
1070 1382 1205 1432 amaras
1218 1402 1266 1415 —

243 1556 301 1627 ubi
320 1555 499 1626 Arethusa
519 1575 556 1624 se
575 1555 729 1644 Lycotae
748 1555 909 1643 opponit;
930 1553 996 1643 111,
1019 1556 1080 1643 25,
1105 1559 1164 1625 11.
1205 1655 1213 1669 .

351 1748 399 1818 At
417 1755 453 1819 te
473 1747 592 1819 celatis
611 1751 707 1817 aetas
727 1749 842 1835 gravis
861 1753 986 1836 urgeat
1005 1749 1104 1818 aunis
1118 1789 1162 1799 -

244 1942 303 2013 ubi
323 1942 532 2031 Propertius
551 1939 736 2028 Cynthium
757 1940 824 2011 sibi
845 1943 1005 2030 opponit3
1026 1942 1070 2030 II,
1094 1945 1156 2030 33,
1179 1946 1240 2012 21.

351 2137 401 2205 At
419 2142 457 2204 tu
478 2155 566 2224 quae
585 2140 705 2204 nostro
724 2134 868 2203 nimium
887 2133 1024 2220 placata
1046 2135 1166 2203 dolore
1185 2154 1284 2203 es-

244 2327 304 2397 ubi
323 2326 410 2398 Isidi
431 2328 571 2418 opponit
591 2270 860 2417 CynthiampII,
885 2329 944 2414 16,
968 2327 1032 2395 13:

350 2522 400 2591 At
418 2527 457 2591 tu
476 2541 566 2590 nunc
586 2526 707 2590 nostro
727 2522 846 2591 Venus
866 2541 885 2590 o
907 2538 1075 2590 succurre
1095 2517 1207 2588 dolori
1219 2557 1268 2569 -

246 2710 307 2781 ubi
327 2709 499 2800 Cynthiae
520 2709 714 2796 Venerem3
735 2710 780 2798 ΙΙ,
803 2715 837 2798 5,
865 2714 926 2781 17:

353 2905 400 2972 At
419 2908 456 2972 tu
476 2922 541 2990 per
560 2901 718 2972 dominae
738 2899 879 2974 lunonis
900 2902 1016 2974 dulcia
1034 2903 1112 2973 iura

405 3025 516 3097 Parce
537 3026 605 3097 tuis
624 3027 747 3097 animis
766 3027 839 3097 vita
857 3047 982 3098 nocere
1002 3026 1141 3097 tibi-·

247 3235 306 3306 ubi
325 3235 511 3326 Cynthiarn
531 3237 614 3323 sibi;
637 3239 720 3307 item
740 3239 768 3324 Ι,
792 3241 826 3326 6,
850 3241 915 3308 3l':

354 3447 402 3517 At
420 3452 459 3516 tu
478 3466 540 3517 seu
559 3447 669 3517 mollis
690 3467 758 3536 qua
777 3445 889 3517 tendit
908 3445 1004 3517 Ionia
1024 3468 1085 3517 seu
1105 3468 1172 3537 qua

408 3570 519 3660 Lydia
537 3571 673 3641 Pactoli
691 3571 796 3660 tingit
815 3574 911 3640 arata
930 3571 1048 3659 liquor
1061 3611 1110 3623 -

354 3732 405 3742 -
426 3693 516 3763 Turn
536 3693 602 3764 tibi
622 3695 651 3763 si
670 3715 738 3783 qua
756 3694 825 3763 mei
844 3693 959 3764 veniet
978 3715 1046 3765 non
1066 3696 1245 3765 immernor
1263 3696 1361 3786 hora,

281 3886 287 3890 ,
408 3815 536 3886 Vivere
556 3837 613 3886 me
631 3814 718 3886 duro
739 3817 853 3888 sidere
873 3823 990 3889 certus
1009 3820 1141 3889 eris-

115 4047 116 4050 ¹
248 4023 310 4092 ubi
329 4045 407 4094 curn
426 4031 506 4096 ante
525 4025 594 4096 iarn
615 4027 657 4098 de
676 4028 804 4098 misera
814 4028 990 4119 Propertii
1012 4028 1212 4100 conditione
1233 4029 1372 4101 dicatur
1392 4050 1526 4102 omnem

249 4145 503 4233 oppositionem
522 4149 556 4217 in
577 4152 736 4237 personis
755 4153 904 4239 positam
923 4159 1078 4242 apparet.
1101 4193 1152 4204 -
1172 4151 1305 4224 Contra
1323 4159 1359 4224 et
1376 4174 1526 4245 persona

248 4285 420 4355 personae
439 4274 476 4340 et
494 4271 596 4343 simul
615 4275 789 4346 sententia
808 4276 1000 4347 sententiae
1020 4277 1206 4367 opponitur
1224 4277 1290 4366 III,
1314 4281 1373 4368 19,
1396 4280 1462 4349 25:

355 4460 406 4531 At
424 4482 485 4534 vos
501 4465 667 4557 innuptae
685 4465 822 4541 felicius
841 4470 934 4540 urite
953 4471 1072 4543 taedas
1084 4510 1131 4524 -
