3166 5146
589 263 824 332 ..gg-

139 547 142 552 ,
175 469 333 559 Jamque
352 474 473 559 patent
492 470 617 541 iterum
636 479 794 542 reserato
814 493 955 544 carcere
972 480 1104 562 postes.

227 593 355 666 Evolat
374 593 535 666 admissis
554 595 705 668 discolor
723 617 846 686 agmen
865 599 976 688 equis.

178 717 294 789 Nunc
314 719 439 789 saltem
459 740 597 808 supera,
619 722 802 812 spatioque
820 723 964 812 insurge
982 726 1132 813 patenti.

229 840 307 913 Sint
325 863 415 933 mea,
432 842 503 914 sint
521 844 678 916 dominae
696 845 841 918 sacrata
860 854 941 919 vota
959 866 1068 920 meae.
1081 887 1133 899 -

68 1018 185 1107 Atque
205 1020 289 1090 item
309 1019 387 1090 Am.
409 1019 437 1108 1,
460 1024 496 1109 6,
519 1024 579 1092 57.

175 1213 249 1285 Aut
267 1234 330 1304 ego
348 1216 425 1286 iam
444 1216 609 1303 ferroque
627 1215 769 1305 ignique
787 1218 946 1305 paratior
964 1216 1039 1306 ipse

232 1337 340 1425 Quem
359 1336 435 1410 face
455 1338 610 1409 sustineo
631 1345 725 1410 tecta
744 1339 896 1428 superba
913 1344 1032 1429 petam
1051 1379 1102 1392 -
1125 1350 1129 1357 ·

66 1527 118 1599 ita
138 1528 239 1622 dicit,
263 1538 304 1603 ut
327 1531 364 1601 id
382 1539 519 1621 tempus
538 1552 607 1623 quo
628 1532 670 1602 de
690 1533 858 1620 obsequio
878 1533 1040 1604 ianitoris
1060 1532 1222 1623 desperat
1241 1534 1284 1605 ab
1303 1552 1344 1606 eo

67 1658 227 1744 tempore
252 1676 320 1744 quo
344 1655 411 1726 sibi
435 1657 511 1726 eius
525 1646 674 1744 gratiam
692 1656 759 1727 hoc
778 1657 854 1746 ipso
873 1656 909 1726 in
928 1660 1081 1728 carmine
1100 1658 1345 1729 conciliaturus

67 1776 253 1847 videbatur
272 1778 443 1867 seiungat.
478 1778 552 1849 Nec
574 1778 733 1850 Catullus
753 1779 788 1849 in
808 1779 1023 1851 nobilissimo
1042 1780 1102 1851 illo
1122 1782 1345 1871 epithalamio

66 1898 161 1969 LIX.
184 1920 262 1969 cum
281 1921 330 1971 vs.
356 1903 441 1971 184.
463 1901 550 1971 dicit

388 2093 466 2164 Jam
486 2095 569 2165 licet
587 2096 719 2184 venias,
740 2097 864 2166 marite
877 2136 925 2148 —

66 2280 159 2352 idem
179 2290 314 2373 tempus
335 2285 505 2374 significat
529 2288 573 2358 de
596 2309 665 2377 quo
685 2293 765 2358 ante
785 2289 873 2358 dixit
892 2295 953 2359 aut
971 2288 1080 2378 idem,
1110 2288 1152 2359 de
1178 2310 1245 2378 quo
1264 2310 1343 2360 mox

65 2424 117 2475 vs.
143 2407 229 2476 195.
958 2400 960 2405 ’

386 2600 465 2672 Jam
484 2603 592 2692 venis,
614 2603 736 2691 inquit,
757 2603 903 2674 bonate
922 2603 1042 2674 Venus

384 2724 528 2815 Iuverit.

145 2915 329 3006 Reliquum
360 2925 415 2989 est
443 2919 485 2989 de
509 2919 644 2990 Phileta
669 2927 705 2990 et
728 2918 954 2991 Callimacho.
991 2919 1060 2990 Sed
1083 2919 1179 2989 illum
1205 2920 1344 3008 quidem

63 3047 134 3110 nou'
161 3039 273 3109 solum
301 3043 472 3112 amatoria
500 3044 655 3112 carmina
679 3043 862 3130 scripsisse
889 3046 925 3112 et
943 3041 1061 3110 Battin
1086 3042 1271 3129 quamdam
1292 3042 1345 3112 vel

64 3162 177 3235 Bittin
201 3163 401 3234 celebrasse
422 3170 574 3253 constat,
600 3162 661 3234 sed
682 3164 766 3234 satis
785 3162 974 3234 verisimile
995 3168 1048 3232 est
1067 3183 1107 3232 ea
1127 3164 1233 3233 etiam
1252 3183 1345 3233 com·

64 3288 223 3378 posuisse
253 3307 341 3376 quae
369 3286 413 3357 ab
440 3288 545 3358 huius
574 3287 698 3378 eligiae
726 3309 853 3377 genere
881 3309 950 3359 non
977 3286 1124 3357 multum
1148 3286 1342 3358 differrent.

64 3410 232 3500 Numqui
252 3410 500 3482 accuratissme
526 3412 568 3482 de
593 3432 634 3482 eo
655 3413 796 3500 scripsit
814 3411 981 3482 Nicolaus
1000 3411 1152 3482 Bacbius
1173 3410 1344 3504 (Philotae

64 3533 127 3607 001
145 3534 444 3607 Hermesianactis
465 3533 668 3623 Colophonii
687 3540 792 3624 atque
812 3533 1001 3604 Phanoclis
1022 3536 1203 3625 reliquiae.
1242 3535 1343 3606 Halis

65 3657 239 3730 Saxonum
267 3663 380 3731 1829.
400 3678 478 3747 pag.
505 3659 576 3747 18.)
601 3679 668 3727 non
692 3657 794 3728 modo
814 3657 930 3744 elegos
949 3656 1044 3726 illum
1065 3665 1101 3727 et
1118 3659 1344 3728 hexametros

65 3790 101 3855 et
124 3783 257 3854 iambos
280 3784 385 3853 docet
407 3781 675 3869 conscripsisse,
706 3781 767 3852 sed
787 3782 892 3852 etiam
910 3801 953 3850 ex
972 3780 1040 3850 illis
1060 3780 1272 3849 hexametris
1292 3779 1348 3849 vel

64 3907 172 3998 elegis
200 3907 381 3978 nonnullos
409 3907 518 3977 libros
546 3904 781 3992 inscripsisse:
812 3895 1000 3997 Δήμητρα,
1025 3895 1153 3994 Ἑρμῆ,
1183 3899 1344 3994 Παίγνια,

59 4022 349 4125 Ἐπιγράμματα;
370 4050 412 4100 ex
436 4031 561 4120 quibus
586 4031 723 4120 priores
742 4035 840 4100 certe
859 4029 945 4098 duos
964 4027 1148 4097 admodum
1166 4025 1346 4116 probabile

65 4157 174 4227 estin
192 4154 420 4244 religionibus
441 4153 652 4244 exponendis
673 4174 749 4224 esse
770 4160 937 4223 versatos.
975 4151 1166 4222 Praeterea
1187 4150 1344 4239 Proper·

64 4281 147 4370 tius,
167 4285 208 4351 ut
225 4279 478 4369 Hertzbergius
498 4278 637 4366 Quaest.
658 4279 764 4366 Prop.
783 4297 818 4367 p.
844 4279 929 4348 194.
951 4280 1080 4366 monet,
1106 4276 1163 4345 hic
1182 4293 1346 4346 versuum

64 4405 175 4495 magis
194 4405 365 4474 rationem
387 4406 627 4494 sermonisque
648 4401 858 4492 elegantiam
876 4421 980 4491 quam
999 4406 1204 4489 argumenta
1218 4405 1346 4470 etcau-

65 4549 123 4601 sas
143 4529 260 4600 dicere
280 4532 405 4616 potest,
428 4547 504 4599 cum
523 4527 616 4598 illius
634 4547 720 4619 prae
737 4546 773 4597 se
788 4523 1108 4596 fertimitationem.
1130 4519 1345 4610 Quamquam

255 4669 256 4672 ,
1101 4640 1134 4694 6*
