3166 5146
783 260 988 326 -66-

253 469 411 540 haerere.
437 469 535 539 Stant
558 469 648 538 enim
677 489 745 537 non
768 468 870 538 modo
894 488 936 538 ea
962 488 1049 557 quae
1073 489 1141 537 non
1164 468 1277 539 iacent
1299 478 1359 540 aut
1380 470 1513 558 sedent,

255 593 439 663 sedetiam
467 613 553 682 quae
577 614 645 661 uon
669 601 865 678 mouentum
889 600 926 662 at
950 612 1093 661 currens
1116 612 1205 681 aqua
1228 602 1404 663 movetur:
1430 615 1513 682 ergo

251 737 290 787 ea
309 718 360 786 vis
379 718 483 787 datur
501 718 599 787 lenae
618 727 657 786 ut
675 706 763 805 quae
783 723 914 786 certum
930 727 965 785 et
985 714 1117 785 firmum
1133 723 1259 786 statum
1279 718 1455 787 obtineant
1473 739 1514 787 ea

251 841 467 910 inmobilem
486 862 608 929 aquam
627 847 881 910 convertantur.
905 839 999 909 Idem
1019 839 1092 910 lere
1111 849 1172 911 aut
1190 848 1305 911 tamen
1325 862 1511 931 exgenere

252 964 369 1034 eodem
391 964 476 1034 illud
496 972 548 1034 est
572 964 661 1053 quod
681 965 806 1034 Medea
834 964 900 1034 sibi
929 965 1033 1034 sumit
1052 985 1127 1034 curn
1147 967 1237 1054 apud
1257 964 1415 1057 Ovidium
1436 965 1511 1036 Me·

244 1094 329 1157 tam.
354 1087 428 1175 Vll,
453 1091 538 1160 200.
561 1111 588 1159 e.

900 1250 1142 1320 concussaque,
1164 1232 1285 1319 inquit,
1306 1231 1404 1322 sisto,

355 1354 490 1426 Stantia
509 1356 669 1424 concutio
689 1361 792 1424 cantu
811 1351 912 1424 freta.

248 1569 362 1655 Atque
382 1569 457 1656 quis
476 1587 516 1637 eo
539 1575 727 1656 moveatur,
752 1569 842 1656 quod
868 1589 955 1655 quae
979 1568 1021 1638 de
1046 1578 1214 1658 magnete,
1240 1570 1281 1638 de
1305 1570 1447 1654 volucri,
1468 1569 1511 1638 de

249 1713 337 1781 aqua
357 1702 599 1779 memorantur,
621 1713 661 1762 ea
680 1695 793 1762 omnia
812 1714 832 1762 α
850 1694 978 1782 philtra
999 1694 1068 1763 sint
1089 1695 1224 1764 aliena?
1248 1693 1355 1782 Quasi
1373 1715 1455 1764 vero
1474 1695 1508 1762 id

247 1824 371 1905 agatur
390 1824 428 1886 ut
448 1809 561 1886 omnia
584 1820 658 1885 eius
677 1817 774 1886 lenae
792 1817 923 1905 philtra
942 1826 1200 1906 enumerentur,
1217 1840 1283 1889 nou
1294 1819 1327 1888 id
1349 1830 1387 1887 ut
1402 1839 1508 1907 quan-

244 1947 317 2010 tum
338 1961 379 2010 ea
396 1942 507 2029 possit
526 1941 559 2009 in
580 1941 753 2009 amoribus
773 1941 935 2010 universa
958 1943 1033 2011 eius
1057 1954 1132 2011 arte
1156 1951 1190 2012 et
1210 1941 1371 2012 facultate
1390 1943 1508 2011 adum-

246 2064 379 2133 brauda
397 2064 667 2148 demonstretur3
692 2083 757 2131 non
781 2083 879 2132 secus
903 2083 943 2130 ac
964 2064 1090 2133 Medea
1117 2085 1157 2133 eo
1178 2084 1277 2150 quern
1296 2065 1509 2135 laudavimus

245 2188 321 2256 loco
340 2187 677 2276 Metamorphoseon,
701 2204 775 2253 curn
801 2183 844 2252 ad
865 2187 1012 2254 Aesonis
1036 2193 1245 2254 senectutem
1268 2189 1508 2256 removendam

244 2312 387 2382 deorum
408 2313 569 2382 auxilium
584 2309 755 2398 implorat,
771 2309 885 2378 omnia
901 2329 987 2396 quae
1003 2310 1068 2378 ianr
1085 2308 1236 2381 effecerit
1250 2317 1507 2399 commemorat,

244 2438 311 2506 etsi
331 2437 415 2505 nihil
434 2438 477 2505 ad
496 2436 531 2505 id
550 2434 640 2523 quod
659 2441 732 2502 tum
752 2434 823 2521 agit
843 2434 1029 2521 pertinent,
1046 2434 1112 2511 vel,
1129 2433 1219 2521 quod
1239 2435 1341 2502 etiam
1363 2433 1509 2502 similius

245 2568 309 2646 est,
340 2557 482 2628 Ovidius
512 2557 638 2645 Ami,
662 2560 696 2626 8.
725 2559 820 2644 prius
849 2578 966 2629 omnes
986 2558 1150 2646 Dipsadis
1178 2567 1271 2627 artes
1299 2567 1454 2627 recenset
1474 2566 1508 2626 et

245 2688 317 2751 tum
338 2682 475 2751 demum
496 2684 557 2773 (vs.
584 2684 644 2767 19)

298 2910 392 2980 Haec
412 2910 490 2989 sibi,
512 2911 636 2999 inquit,
657 2909 836 2999 proposuit
855 2910 1025 2980 thalamos
1045 2917 1213 2979 temerare
1232 2910 1375 2998 pudicos
1397 2950 1445 2960 —

244 3124 378 3194 scilicet
398 3130 437 3195 ut
456 3124 580 3194 doceat
599 3135 761 3211 quantum
783 3121 842 3191 illa
860 3122 895 3191 in
914 3122 977 3191 hoo
997 3141 1133 3210 quoque
1155 3142 1280 3210 genere
1298 3124 1410 3211 possit
1427 3143 1504 3211 pro-

242 3248 358 3319 ficere.
391 3249 569 3319 Mittamns
597 3248 703 3334 igitur
731 3247 816 3315 haec
845 3252 879 3315 et
908 3246 1085 3314 veniamus
1110 3245 1151 3314 ad
1176 3246 1321 3315 medium
1356 3266 1504 3335 carmen,

245 3374 343 3442 cuius
368 3374 453 3442 ordo
476 3369 765 3440 aLuettiohanne
793 3389 860 3437 uon
885 3369 996 3437 miuus
1026 3369 1247 3438 vehementer
1268 3368 1502 3456 perturbatur.

243 3496 316 3566 Nec
341 3505 454 3565 tamen
481 3495 606 3564 attinet
629 3513 731 3581 quem
760 3495 833 3581 ipse
859 3512 982 3561 novum
1009 3494 1162 3564 ordinem
1187 3493 1372 3562 constituat
1400 3513 1504 3580 expo-

189 3648 195 3659 ·
245 3641 347 3689 nere:
369 3619 453 3688 satis
476 3618 681 3688 habebimus
704 3637 893 3686 memorare
917 3617 1039 3707 quibus
1064 3619 1186 3688 ductus
1209 3617 1400 3686 rationibus
1428 3601 1502 3687 eum

247 3744 305 3832 qni
328 3740 477 3812 traditus
500 3751 552 3810 est
580 3740 735 3810 ordinem
764 3748 929 3809 mutatum
959 3741 1052 3830 velit,
1087 3761 1169 3829 quas
1194 3741 1222 3809 si
1242 3739 1505 3811 refutaverinrus

246 3887 377 3936 omnem
395 3887 465 3934 rem
483 3865 677 3954 expeditam
692 3863 898 3952 putabimus.
910 3863 1147 3954 Negatautem
1163 3866 1308 3951 primurn
1320 3887 1386 3935 vss.
1401 3870 1461 3935 29.
1475 3887 1502 3935 s

348 4095 396 4165 Et
415 4097 577 4167 simulare
598 4097 691 4166 viros
711 4097 862 4184 pretium
883 4093 986 4165 lacit:
1007 4100 1104 4164 utere
1124 4098 1248 4186 causis,

393 4221 508 4291 Maior
528 4220 634 4290 dilata
652 4227 752 4290 nocte
771 4226 932 4290 recurret
950 4239 1047 4288 amor
1067 4254 1116 4271 -

249 4454 323 4506 cum
344 4432 625 4503 antecedentibus
649 4434 845 4517 cohaerere,
875 4430 955 4519 quia
983 4431 1209 4522 singularium
1232 4432 1314 4503 ordo
1336 4453 1502 4525 praecep·

248 4566 364 4629 torum
392 4564 471 4645 post
503 4556 677 4644 generalia
704 4560 744 4624 et
770 4555 941 4645 particula
968 4576 1035 4626 non
1063 4557 1173 4645 possit
1199 4557 1316 4645 incipi,
1344 4557 1505 4647 idemque
