3166 5146
716 151 925 264 ..56-

186 405 379 476 solitudinis
399 406 611 493 Arethusam
633 426 720 494 quae
740 426 817 477 unm
837 425 925 476 ars.
950 407 1009 474 29.
1032 404 1204 494 usquead
1225 426 1275 475 vs.
1293 407 1355 475 42.
1376 424 1456 501 per·

81 528 84 541 '
185 529 296 600 tineat
319 530 407 600 male
425 530 702 619 interrumpatur
729 530 888 601 versibus
910 531 957 600 38
974 568 1018 581 -
1035 532 1094 600 50.
1111 530 1197 599 Tum
1218 550 1261 600 ex
1278 529 1338 598 illo
1359 549 1457 617 nam,

186 653 277 742 quod
296 659 349 724 est
368 655 400 724 in
422 675 472 726 vs.
497 657 556 725 51.
580 655 653 726 Hoc
673 655 763 724 enim
784 675 889 725 versu
908 659 943 723 et
962 655 1118 743 sequenti
1142 653 1268 724 nullius
1283 655 1334 723 rei
1358 634 1457 722 reddi

185 779 365 866 rationem,
395 779 460 848 nisi
479 800 541 849 cur
562 779 738 849 Arethusa
757 777 897 848 sordida
922 784 1039 848 utatur
1062 784 1170 865 veste,
1192 799 1257 848 non
1275 779 1349 847 eins
1370 798 1457 865 quae

186 900 369 972 antecedat
388 903 590 972 sententiae.
611 901 795 972 Postremo
814 923 856 974 ex
878 883 945 972 uss.
968 904 1030 972 40.
1051 923 1094 990 s.,
1118 922 1264 991 quornm
1283 901 1457 990 generalis

186 1026 358 1094 sententia
377 1046 488 1114 neque
506 1026 563 1096 hic
588 1027 724 1096 adrem
748 1027 919 1114 pertineat
943 1045 1054 1114 neque
1077 1047 1221 1114 usquam
1245 1009 1325 1114 apte
1350 1046 1457 1094 enun-

185 1149 313 1236 cietur,¹
328 1149 393 1218 nisi
412 1150 448 1218 id
467 1159 549 1239 agat
567 1151 756 1237 Arethusa,
783 1157 820 1219 ut
840 1171 876 1220 se
895 1162 1039 1239 propter
1062 1151 1181 1220 mariti
1200 1170 1351 1220 amorem
1371 1147 1458 1219 iaci·
1484 1171 1487 1178 ·

184 1273 252 1342 lius
272 1281 465 1342 castrorum
485 1274 641 1362 pericula
660 1275 889 1345 toleraturum
907 1275 1078 1345 ostendat.
1096 1274 1226 1346 Contra
1239 1295 1329 1362 quae
1344 1274 1458 1344 omnia

185 1395 342 1466 breviter
359 1396 543 1467 dicendum
564 1399 738 1468 existimo.
764 1396 977 1487 Quamquam
998 1398 1040 1468 de
1068 1407 1108 1468 at
1130 1399 1305 1487 particula
1328 1400 1385 1468 vix
1404 1405 1457 1468 est

187 1520 278 1607 quod
302 1520 467 1590 dicamus.
499 1520 709 1591 Arethusam
738 1522 826 1591 enim
858 1542 934 1592 cum
963 1523 1205 1612 superioribus
1233 1522 1391 1592 versibus
1415 1522 1458 1593 de

187 1643 320 1732 Lycota
346 1643 461 1734 dicat,
496 1665 515 1713 a
544 1665 647 1716 versu
674 1648 734 1715 29.
766 1646 807 1716 de
832 1666 869 1715 so
898 1647 1015 1716 dicere
1038 1647 1191 1734 incipiat,
1221 1666 1263 1716 ea
1288 1647 1459 1734 particula

186 1767 296 1856 ipsam
316 1787 352 1836 se
371 1766 420 1836 illi
440 1788 614 1856 opponere
633 1769 851 1858 intelligitur.
883 1770 957 1841 Hoc
977 1770 1116 1859 quidem
1131 1776 1203 1840 tam
1219 1776 1376 1858 apertum
1392 1778 1457 1858 est,

57 1886 60 1891 ’
187 1896 226 1960 ut
243 1890 457 1961 documentis
476 1911 544 1961 non
565 1901 676 1981 egeat.
699 1892 737 1963 si
756 1893 833 1981 quis
853 1900 967 1964 tamen
987 1894 1112 1963 similia
1132 1895 1269 1984 quaerit
1289 1894 1457 1984 exempla,

187 2016 273 2084 satis
297 2014 404 2084 multa
430 2015 574 2103 praebet
598 2014 741 2086 Ovidius
769 2019 804 2085 in
825 2016 1046 2087 Heroidibus.
1077 2018 1163 2088 Nam
1183 2017 1317 2107 Phyllis
1342 2038 1459 2088 cuma

187 2157 248 2206 suo
267 2137 442 2208 desiderio
462 2138 505 2208 ad
525 2138 788 2227 Demophoonta
807 2140 936 2208 transit
953 2138 999 2227 ll,
1023 2144 1083 2209 23.

294 2352 342 2419 At
360 2356 399 2419 tu
418 2349 542 2437 lentus,
564 2350 688 2438 inquit,
709 2350 803 2438 abes,
824 2371 887 2420 nec
907 2357 942 2420 te
960 2351 1075 2421 iurata
1094 2350 1267 2421 reducunt

239 2536 242 2541 Α
294 2473 465 2559 Numina;
487 2514 537 2524 —-

186 2686 307 2756 eadem
327 2705 405 2754 cum
424 2685 468 2755 ab
489 2685 548 2755 illo
568 2687 611 2756 ad
631 2706 668 2756 se
687 2687 879 2756 revertitur
899 2687 991 2776 (45.)

293 2881 342 2949 At
358 2880 492 2951 laceras
511 2881 615 2950 etiam
635 2898 769 2967 puppes
788 2877 922 2948 furiosa
941 2875 1068 2964 refeci3

189 3074 388 3164 Hermione,
410 3074 470 3145 ubi
488 3097 509 3145 a
527 3075 598 3144 suis
616 3075 714 3144 malis
733 3073 777 3143 ad
797 3072 956 3160 Orestam
980 3072 1249 3162 transgreditur,
1276 3074 1372 3163 VlII,
1399 3079 1457 3146 15.

294 3290 341 3359 At
360 3294 411 3376 tu,
432 3285 556 3375 iuquit,
577 3305 661 3355 eura
678 3286 746 3355 mei
766 3287 796 3355 si
815 3292 850 3356 te
868 3287 926 3374 pia
945 3282 1068 3375 tangit,
1089 3285 1227 3378 Oresta,

346 3410 453 3480 luiice
473 3429 538 3478 non
559 3407 699 3481 timidas
716 3412 752 3478 in
773 3413 834 3483 tua
851 3408 931 3493 iura
949 3431 1090 3497 manus;
1115 3451 1166 3475 -.-

189 3625 479 3714 Hypermnestra,
506 3621 564 3691 ubi
587 3629 667 3710 post
690 3642 772 3692 suae
797 3621 994 3693 solitudinis
1023 3621 1289 3710 descriptionem
1318 3620 1459 3712 Lyncea

189 3747 340 3837 appellat
357 3743 454 3832 XIV,
481 3748 564 3816 123.

190 3922 193 3927 ’
248 3936 250 3943 ’
294 3940 342 4010 At
359 3945 410 4029 tu,
431 3940 459 4009 si
480 3960 548 4029 qua
565 3939 643 4028 piae
661 3939 803 4029 Lynceo
822 3940 886 4010 tibi
907 3961 989 4011 cura
1008 3939 1151 4010 sororis.
1172 3979 1224 3993 --

136 4178 138 4182 ·
188 4133 312 4223 Neque
326 4132 416 4204 illud
434 4140 572 4223 oportet
590 4133 779 4224 offendere,
804 4134 895 4225 quod
919 4140 1060 4234 etcum
1084 4134 1324 4224 obliquocasu
1344 4134 1459 4223 mihi,

140 4298 155 4313 -·
189 4278 257 4329 non
285 4278 364 4328 cum
392 4279 464 4347 ego
493 4258 714 4331 coniunctum
742 4264 810 4345 est,
839 4259 905 4329 etsi
933 4236 1123 4328 Arethusa
1138 4278 1206 4328 non
1233 4242 1349 4329 noctes
1376 4278 1461 4329 suas

190 4381 344 4474 Lycotae
363 4382 538 4472 noctibus,
564 4381 627 4454 sed
647 4402 736 4471 quae
755 4381 833 4471 ipsa
851 4381 957 4453 faeiat
980 4381 1024 4452 iis
1047 4402 1135 4471 quae
1154 4381 1211 4452 ille
1230 4381 1336 4452 faciat
1354 4401 1462 4471 oppo-

190 4507 251 4579 nit.
271 4505 360 4579 Nam
379 4506 459 4578 alibi
484 4526 620 4596 quoque
644 4505 695 4594 fit,
725 4510 764 4576 ut
791 4525 878 4593 quae
902 4526 958 4577 res
981 4506 1083 4577 alteri
1108 4505 1160 4575 rei
1185 4506 1369 4595 opponitur
1393 4527 1459 4577 uon
