3166 5146
680 311 888 378 ...17-

153 521 281 594 librum
300 525 476 610 quartum,
496 540 563 590 non
583 519 741 609 quintum
760 519 970 606 vocavimus,
986 523 1021 590 et
1039 518 1075 588 in
1093 517 1251 590 versibus
1264 520 1416 614 Proper·
1502 536 1504 541 ·

155 647 259 719 116116
278 645 458 717 laudandis
477 644 604 733 ubique
623 643 776 714 numeris
795 643 1081 733 Hertzhergianis
1100 647 1248 714 utemur.

233 770 336 841 Nunc
355 767 397 840 de
416 774 556 839 auctore
576 768 648 839 eius
673 768 786 857 quarti
803 767 884 837 libri
907 773 1028 839 contra
1047 765 1241 838 Carottium
1261 768 1330 839 erit
1346 769 1415 840 dis-

152 890 356 983 putandum.
382 891 446 980 Qui
471 892 621 982 primum
644 910 722 981 pag,
747 889 889 962 XXXV.
913 890 948 960 in
973 911 1014 961 66
1041 890 1295 980 dissertatione,
1315 911 1417 981 quam

153 1017 197 1089 de
216 1018 290 1088 vita
310 1023 345 1089 et
368 1016 577 1089 carminibus
601 1016 777 1104 Propertii
801 1016 884 1106 ipsis
908 1015 1026 1105 elegiis
1048 1015 1238 1104 praemisit,
1263 1021 1417 1087 octavam

153 1141 300 1232 elegiam
330 1147 366 1212 et
393 1140 560 1229 disiungit
587 1140 622 1209 in
652 1140 736 1210 duas
764 1145 892 1229 partes,
921 1158 1069 1227 quarum
1096 1159 1197 1208 unam
1225 1138 1417 1211 Draconem

153 1265 312 1354 Lanuvii,
333 1264 477 1335 alteram
496 1263 618 1334 Rixam
633 1263 801 1353 inscribit,
822 1268 856 1333 et
870 1269 1051 1352 utramque
1064 1262 1247 1352 Propertio
1262 1262 1415 1354 abrogat.

156 1392 204 1459 At
223 1410 285 1460 cur
302 1388 479 1476 disiungat
498 1409 574 1461 cum
593 1407 660 1457 non
678 1386 783 1458 verbo
798 1385 977 1477 significet,
994 1387 1087 1476 quod
1106 1386 1274 1459 diluamus
1286 1388 1341 1459 val
1360 1410 1415 1459 re-

154 1512 311 1585 fellamus
329 1513 415 1583 nihil
429 1513 615 1599 habemus3
636 1516 770 1581 tantum
784 1531 1023 1601 memoramus,
1044 1531 1123 1581 cum
1141 1507 1292 1582 abluisse
1306 1511 1417 1582 Roma

154 1637 340 1729 Cynthiam
363 1643 541 1726 narretur,
571 1655 634 1706 cur
657 1633 806 1705 abfuerit
838 1635 1014 1724 aptissime
1038 1635 1148 1706 videri
1170 1639 1249 1707 ante
1277 1636 1415 1726 aperiri,

154 1782 302 1853 eumque
323 1781 441 1831 rerum
460 1764 656 1832 contextum
676 1757 815 1830 defendi
833 1759 945 1847 primo
965 1758 1127 1830 disticho:
1524 1744 1528 1751 ’

260 1954 364 2024 Disce
384 1953 467 2042 quid
485 1953 659 2041 Esquilias
677 1953 742 2023 hac
760 1959 862 2024 nocte
880 1950 1008 2040 fugarit
1026 1972 1188 2042 aquosaS,

342 2075 428 2148 Cum
447 2077 559 2147 vicina
579 2077 676 2147 novis
694 2075 798 2148 turba
815 2079 970 2147 cucurrit
989 2077 1149 2171 agris·—

154 2270 248 2361 quod
275 2270 333 2340 ille
361 2272 396 2339 in
423 2271 559 2342 initium
587 2290 693 2342 novae
722 2291 823 2360 quam
841 2269 924 2342 facit
943 2271 1072 2361 elegiae
1099 2269 1276 2360 transfert,
1304 2276 1345 2342 ut
1371 2272 1427 2342 611Ι

152 2402 236 2467 6116
254 2415 306 2466 vs.
330 2398 390 2466 27.

262 2569 351 2642 Cum
369 2569 470 2641 fieret
487 2577 605 2641 nostro
626 2569 729 2641 toties
747 2569 875 2640 iniuria
891 2569 993 2640 lecto.
1015 2608 1065 2621 ·-

154 2766 314 2856 Accedit,
329 2767 365 2838 id
386 2764 475 2854 quod
491 2762 763 2835 Luettiohannes
774 2763 917 2855 profert,
933 2769 972 2835 ut
986 2784 1074 2853 quae
1088 2765 1203 2853 priore
1222 2770 1319 2856 parte
1337 2784 1415 2836 nar·-

154 2896 277 2962 rantur
296 2910 415 2960 corum
434 2889 495 2961 1161
511 2888 639 2960 mentio
658 2909 706 2959 vs.
729 2892 789 2960 48.

260 3065 408 3156 Lanuvii
427 3066 470 3136 ad
488 3072 606 3154 portas
623 3064 680 3134 hei
698 3063 784 3133 mihi
802 3064 895 3133 solus
914 3083 1021 3133 eram.

154 3259 342 3333 Abiudicat
359 3264 475 3329 autem
492 3278 512 3328 a
530 3257 710 3348 Propertio
732 3257 882 3347 priorem
899 3264 1033 3347 partem
1054 3262 1198 3348 propter
1220 3257 1410 3330 obscurita-

154 3391 221 3476 tes,
241 3391 281 3455 ut
300 3386 360 3476 ait,
384 3389 419 3455 et
441 3382 630 3454 locutiones
654 3383 851 3454 invenustas
877 3390 912 3453 61
935 3388 1085 3474 6666166,
1109 3383 1251 3454 alteram
1270 3381 1359 3472 quod
1378 3389 1413 3453 61

156 3528 243 3597 quaa
271 3514 461 3581 narrentur
487 3526 508 3577 a
537 3507 705 3596 Cynthiae
732 3528 880 3597 persona
907 3506 1117 3578 abhorreant
1143 3512 1180 3578 et
1201 3507 1415 3598 Lygdamum

153 3633 279 3721 61111,
302 3638 336 3704 b.
358 3632 526 3724 Cynthiae
548 3651 686 3701 servum
710 3629 816 3702 fuisse
841 3637 989 3720 constet,
1013 3636 1054 3701 ut
1075 3651 1138 3702 cur
1159 3632 1215 3703 hic
1238 3634 1414 3723 Propertii

155 3755 204 3826 sit
222 3756 359 3828 adiutor
377 3778 442 3828 non
460 3755 684 3844 intelligatur,
702 3761 736 3826 61
755 3754 847 3845 quod
864 3754 1068 3846 Propertius
1088 3755 1146 3844 qui
1164 3775 1269 3845 eques
1288 3758 1412 3828 Roma-

155 3901 222 3951 nus
242 3900 308 3950 non
327 3874 442 3971 luerit,
461 3880 548 3953 colla
562 3878 701 3966 obliqua
718 3878 761 3949 ad
781 3899 948 3950 summum
966 3879 1138 3951 theatrum
1153 3878 1326 3952 inflectere
1343 3902 1412 3952 non

156 4004 312 4095 potuerit
330 4007 451 4076 vetari.
472 4005 566 4094 Quas
586 4001 680 4074 dicat
699 4001 938 4092 obscuritates,
958 4004 1113 4075 cernitur
1133 4003 1247 4094 61116,
1268 4025 1355 4095 quae
1369 4006 1411 4076 ad

157 4130 270 4219 ipsum
288 4147 426 4199 carmen
445 4129 632 4200 adnotavit.
655 4126 851 4216 Caeterum,
870 4126 994 4218 inquit,
1014 4148 1074 4198 661
1092 4147 1250 4199 versuum
1265 4130 1301 4220 (3
1313 4170 1363 4182 -
1375 4134 1411 4221 8)

157 4273 280 4324 sensus
300 4253 466 4324 obscurus
484 4259 520 4324 et
538 4252 733 4342 implicatus
753 4254 815 4322 cst.
839 4251 888 4321 At
909 4251 945 4321 in
968 4251 1114 4342 reliquis
1137 4252 1285 4343 quinque
1303 4255 1412 4325 versi-

156 4377 221 4450 bus
237 4398 279 4450 ne
298 4377 505 4450 haesitatum
524 4376 661 4468 quidem
680 4374 780 4447 video
799 4374 842 4446 ab
862 4375 1139 4468 explicatoribns,
1160 4384 1281 4467 quarto
1300 4384 1414 4450 autem

156 4502 192 4570 in
210 4523 316 4573 versu
336 4502 401 4574 etsi
420 4507 471 4574 est
489 4501 709 4589 haesitatum,
730 4498 814 4570 satis
833 4504 948 4570 tamen
966 4500 1131 4589 proclivis
1150 4505 1203 4573 est
1221 4503 1412 4591 explicatio.

156 4625 246 4697 Illud
267 4627 357 4698 enim

1193 4747 1209 4796 a
