3166 5146
590 296 798 366 --29-

62 530 169 602 parva
184 509 315 581 eminus
330 507 414 579 urbe
428 506 591 579 Bovillae.
612 506 763 579 Bovillas
781 527 872 578 nnnc
889 505 1117 597 suburbanas,
1133 514 1206 579 turn
1221 529 1329 598 parva

61 633 149 705 urbe
168 633 299 704 eminus
319 630 426 703 fuisse
444 632 585 704 indicat.
613 630 682 703 Sed
700 637 739 704 ut
756 631 870 722 prima
889 631 1003 721 specie
1023 630 1178 720 proclive
1198 632 1244 702 sit
1261 634 1327 703 rni-

62 778 133 830 nus
153 778 231 829 cum
249 777 358 847 parva
376 757 597 848 coniungere,
628 755 718 846 quod
748 755 814 826 etsi
837 756 1007 827 sententia
1025 756 1137 826 minus
1156 774 1328 827 commen-

61 881 163 953 datur
190 889 374 952 tamenne
400 881 512 971 ipsum
536 880 673 971 quidem
692 878 881 952 absurdum
899 880 1105 952 dixerimus:
1134 879 1330 951 necessaria

63 1012 157 1078 certe
177 1006 262 1077 haec
280 1005 460 1077 verborum
480 1005 673 1076 coniunctio
691 1023 906 1095 nequaquam
927 1011 992 1076 est.
1031 1002 1121 1091 Quid
1140 1007 1232 1076 enirn
1251 1012 1327 1076 tan-

61 1130 139 1201 dem
157 1130 295 1201 videtur
313 1128 537 1201 insolentius?
556 1129 689 1218 Nempe
708 1129 800 1200 inter
818 1149 940 1200 nornen
959 1129 1102 1217 eiusque
1119 1130 1326 1201 attributum
1446 1226 1450 1233 Ι

62 1254 212 1344 positum
230 1253 431 1325 vocabulum
450 1273 516 1324 non
535 1254 681 1325 adhaec
700 1254 776 1343 ipsa
799 1255 904 1324 verba
928 1253 989 1325 sed
1008 1252 1075 1322 alio
1093 1249 1326 1326 referendum.

61 1378 192 1450 Athon
210 1379 320 1468 ipsum
339 1378 506 1450 habemus
524 1377 588 1467 ΙΙΙ,
613 1380 673 1468 13,
696 1381 756 1466 55,
777 1398 805 1449 ε.

166 1573 214 1645 Te
234 1575 348 1645 scelus
368 1580 510 1662 acceptu
529 1571 673 1644 Thracis
692 1571 942 1662 Polymestoris
961 1592 1044 1643 auro

220 1696 339 1767 Nutrit
358 1697 393 1767 in
412 1696 561 1785 hospitio
579 1715 648 1766 non
666 1696 839 1787 Polydore
857 1696 914 1786 pio
926 1734 996 1786 -,

62 1890 123 1961 ubi
143 1889 314 1980 genitivus
333 1888 377 1959 ad
395 1889 531 1958 scelus
551 1908 620 1958 non
640 1888 682 1959 ad
702 1907 798 1960 auro
816 1885 984 1974 refertnr3
1004 1887 1086 1959 item
1104 1888 1132 1979 Ι,
1155 1891 1189 1978 3,
1212 1891 1272 1959 42.

169 2081 258 2152 Nam
275 2080 378 2153 modo
396 2101 569 2171 purpureo
588 2079 750 2152 fallebam
768 2082 913 2153 stamine
932 2102 1099 2173 somnum,

223 2205 356 2276 Rursus
375 2210 410 2276 et
430 2203 589 2294 Orpheae
609 2205 759 2277 carmine
777 2203 870 2276 fessa
888 2205 1046 2295 lyrae—-

62 2398 123 2469 ubi
141 2395 233 2469 fessa
251 2419 329 2470 cum
347 2396 553 2487 fallebam,
573 2419 643 2470 non
662 2418 739 2470 curn
757 2396 908 2468 ablativo
924 2397 1101 2468 carmine
1117 2397 1326 2485 coniungen-

62 2520 145 2593 dum
164 2529 232 2613 est3
253 2523 337 2593 item
355 2521 418 2612 IV,
441 2523 475 2611 3,
498 2524 544 2593 53
566 2542 593 2592 s.

56 2806 59 2817 s
220 2756 271 2766 -
290 2715 382 2786 raris
401 2718 541 2785 assueta
561 2712 721 2786 Calendis

167 2838 236 2911 Vix
255 2839 366 2930 aperit
387 2839 521 2911 clausos
539 2859 606 2909 una
625 2838 738 2928 puella
756 2837 946 2927 Lares-,

62 3030 123 3102 ubi
145 3033 202 3102 vix
225 3033 384 3122 cuiquam
412 3032 448 3102 in
475 3033 622 3100 mentem
651 3028 767 3099 veniat
793 3027 941 3118 puellam
970 3024 1129 3099 Calendis
1156 3034 1327 3099 assuetam

65 3156 279 3241 existimare3
306 3156 387 3225 item
416 3152 495 3224 aliis
521 3152 623 3242 locis,
654 3172 741 3242 quos
764 3151 890 3223 multos
910 3151 1047 3242 collegit
1066 3151 1327 3244 HertzbergiuS,

66 3276 205 3366 Quaest.
226 3276 384 3366 Propert.
406 3296 482 3367 pag.
507 3281 591 3348 122.
612 3273 742 3363 Quodsi
761 3275 817 3347 hic
838 3275 922 3347 ordo
942 3275 1127 3348 verborum
1144 3277 1328 3366 reprehen-

66 3402 159 3473 sione
179 3405 288 3489 caret,
308 3399 414 3469 multo
434 3400 537 3471 etiarn
555 3400 677 3490 magis,
708 3405 748 3469 ut
766 3398 835 3469 iam
854 3399 898 3470 ad
917 3399 1213 3490 Eschenburgium
1231 3403 1326 3472 ueni-

67 3545 177 3615 amus,
198 3525 339 3596 verbum
357 3543 426 3595 non
446 3524 609 3595 omissum
628 3524 664 3594 id
684 3524 821 3615 quidem
841 3523 900 3594 sed
919 3524 955 3593 in
973 3525 1082 3599 altero
1102 3525 1248 3598 disticho
1265 3548 1327 3617 po·

69 3647 184 3737 situm,
205 3648 270 3718 etsi
290 3648 340 3719 vis
359 3648 433 3719 eius
453 3653 586 3736 spectat
604 3647 646 3718 ad
665 3655 862 3739 utrumque.
885 3645 1055 3718 Similiter
1073 3649 1162 3719 enirn
1182 3650 1326 3721 verbum

69 3777 105 3841 et
123 3769 296 3841 inducitur
313 3771 510 3860 copulativa
528 3771 698 3861 particula
716 3772 752 3842 in
771 3768 937 3841 inferiore
957 3769 1113 3842 subiecto
1133 3779 1167 3844 et
1184 3792 1324 3843 revoca·

66 3901 126 3966 tur
150 3891 230 3963 inde
257 3891 300 3963 ad
327 3896 483 3985 superius
502 3892 693 3966 subiectum
711 3913 778 3964 non
798 3891 907 3963 solum
936 3913 956 3964 a
982 3893 1093 3985 poetis
1112 3898 1151 3964 ut
1169 3913 1190 3965 a
1207 3892 1325 3966 Tibul·

31 4092 37 4104 ,
66 4018 100 4089 lo
119 4017 146 4107 Ι,
172 4016 204 4107 Ι,
228 4017 287 4087 17.

172 4209 345 4299 Quantum
363 4216 417 4282 est
434 4211 510 4282 auri
528 4210 642 4301 potius
661 4215 849 4300 pereatque
868 4210 1040 4299 smaragdi
1053 4249 1099 4264 -

67 4404 109 4477 ab
129 4403 276 4476 Horatio
298 4401 337 4476 (l.
358 4403 386 4494 l,
409 4406 469 4495 30,
492 4407 524 4476 6.
546 4403 668 4476 solutis

172 4597 314 4672 Gratiae
333 4598 426 4670 zonis
444 4609 698 4690 properentque
717 4599 894 4690 Nymphae
906 4619 977 4687 -·-;
