3166 5146
689 246 898 315 „37„..

159 462 350 544 sequuntur
370 456 558 544 elegiarum
575 458 704 546 partim
724 458 913 527 amatoriae
933 457 1084 545 suntad
1101 460 1305 546 quastertia
1325 461 1430 531 etiam

159 583 195 647 et
215 579 336 649 ultima
355 600 421 650 non
441 581 615 652 immerito
633 578 844 668 referuntur,
864 581 994 670 partim
1014 587 1217 670 argumenta
1237 581 1368 653 habeut
1386 604 1429 654 ex

158 706 265 774 sacris
284 703 478 794 fabulisque
497 706 649 795 antiquis
668 706 789 796 petita,
811 726 919 795 eaque
938 706 1006 775 dno
1026 725 1155 794 genera
1171 706 1362 776 miscentur
1375 707 1428 777 in·

158 836 214 899 ter
232 848 269 899 se
290 836 325 898 et
344 828 613 918 confunduntur,
630 834 671 900 ut
688 831 867 900 amatoriis
884 830 1004 918 elegiis
1024 829 1172 900 alterius
1186 829 1326 919 generis
1342 831 1428 905 urdo

159 953 347 1042 elegiarum
371 955 528 1024 varietur
558 960 593 1024 et
618 954 861 1042 perturbetur:
894 955 943 1025 ita
966 960 1235 1024 consentaneum
1263 959 1340 1024 erat
1365 955 1430 1025 toti
1475 1005 1480 1012 -

159 1068 249 1148 libro
284 1079 382 1167 quasi
413 1077 636 1168 praefationis
668 1077 745 1149 locu
779 1099 856 1149 eam
890 1078 1037 1166 elegiam
1071 1078 1312 1167 praemittere,
1342 1099 1429 1168 qnae

158 1202 339 1292 utriusque
367 1204 504 1291 generis
532 1208 628 1273 esset
654 1203 832 1292 particeps
860 1201 1056 1291 duplexque
1084 1202 1164 1272 libri
1188 1211 1429 1291 argumentum

158 1324 338 1396 indicaret.
359 1327 527 1398 Similiter
546 1327 652 1396 etiam
666 1326 834 1398 Horatius
853 1327 889 1396 iu
909 1346 949 1397 eo
968 1328 1134 1413 carmine,
1156 1347 1224 1415 quo
1240 1334 1313 1397 tres
1333 1328 1428 1416 prio-

158 1471 213 1520 res
240 1451 351 1521 libros
379 1450 534 1539 induxit,
565 1457 600 1555 et
628 1472 749 1522 severa
777 1472 814 1522 se
844 1457 878 1521 et
907 1451 1043 1521 ludicra
1071 1451 1223 1521 carmina
1247 1453 1429 1539 scripsisse

114 1628 115 1633 ,
158 1574 324 1664 declarat,
350 1576 379 1645 si
403 1575 544 1665 quidem
568 1581 665 1646 recte
689 1576 716 1646 I.
742 1573 781 1646 O.
801 1575 950 1648 Jahnins
973 1577 1021 1662 (iu
1042 1575 1278 1664 disputatione
1298 1573 1429 1646 (11Ηο-

156 1701 238 1770 ratii
259 1700 414 1770 carmine
431 1700 555 1788 primo,
577 1699 804 1770 Stallbaumio
824 1721 948 1770 munus
967 1699 1206 1789 praeceptoris
1226 1708 1307 1770 ante
1328 1702 1430 1789 quin·

158 1844 224 1912 que
259 1824 371 1894 lustra
407 1829 602 1912 susceptum
635 1823 852 1914 gratulatur;
890 1823 1029 1913 Lipsiae
1069 1827 1179 1894 1845.
1210 1843 1244 1911 p.
1276 1827 1337 1894 27.
1367 1826 1429 1912 ss.)

158 1946 311 2017 ostendit
328 1948 425 2019 Deos
449 1967 591 2037 superos
611 1955 646 2018 et
663 1947 926 2038 Polyhymniam
952 1947 995 2018 de
1010 1948 1185 2037 gravibus,
1202 1945 1380 2036 Euterpes
1394 1954 1430 2019 et

157 2071 335 2160 Nymphas
355 2079 390 2142 et
410 2071 553 2160 Satyros
572 2071 614 2141 de
632 2070 767 2141 levibus
788 2071 1001 2143 carminibus
1016 2092 1091 2142 esse
1106 2072 1342 2159 accipiendas3
1363 2093 1426 2144 nec

48 2235 50 2241 ,
157 2194 326 2265 dissimile
345 2201 399 2265 est
417 2196 530 2284 quarti
549 2194 628 2267 libri
648 2216 785 2266 carmen
809 2196 970 2285 primum,
996 2217 1064 2286 quo
1090 2217 1168 2268 cnm
1193 2202 1230 2268 et
1247 2197 1428 2268 renunciet
1451 2206 1453 2211 ’

156 2317 287 2388 Veneri
307 2326 342 2389 et
360 2326 475 2389 tamen
496 2317 655 2408 Ligurini
677 2326 913 2407 erumpentem
929 2340 1082 2389 amorem
1098 2321 1278 2407 exprimat,
1294 2320 1324 2388 is
1339 2321 1428 2389 liber

157 2445 335 2531 sequitur,
367 2463 469 2531 quem
496 2448 532 2513 et
556 2443 704 2513 edidisse
728 2449 872 2532 propter
895 2442 1016 2512 laudes
1041 2440 1233 2512 Caesareae
1257 2442 1379 2512 domus
1406 2460 1428 2512 a

157 2566 354 2638 scholiastis
381 2566 534 2636 traditur
560 2572 598 2647 et
626 2576 742 2636 tamen
770 2566 950 2636 amatoriis
978 2586 1102 2636 rursus
1135 2565 1342 2636 carminibus
1379 2564 1430 2635 di·

155 2691 286 2763 stinxit.
299 2691 368 2762 Sed
380 2712 446 2760 non
466 2691 549 2761 satis
569 2688 942 2760 habetHeimreichius
962 2689 1051 2778 quod
1071 2710 1176 2759 uuum
1196 2698 1271 2760 erat
1289 2710 1425 2761 carmen

154 2817 189 2884 in
209 2816 277 2886 duo
302 2815 530 2886 disiunxisse:
560 2815 653 2886 idem
683 2834 759 2884 cum
788 2818 905 2884 cetera
932 2813 1035 2883 buius
1063 2813 1145 2883 libri
1174 2815 1326 2884 carmina
1352 2805 1425 2884 tum

154 2939 220 3011 hoc
232 2960 378 3010 carmen
399 2940 453 3010 vel
472 2947 513 3009 ut
529 2939 605 3026 ipse
624 2939 698 3009 vult
716 2938 802 3008 haee
823 2938 892 3008 dno
911 2938 1067 3008 carmina
1085 2959 1106 3007 a
1124 2937 1426 3026 Propertio'abiu-

156 3062 257 3133 dicat.
278 3064 401 3153 ltaque
417 3065 459 3134 de
478 3063 605 3133 ceteris
624 3061 777 3150 quidem,
802 3080 890 3150 quae
909 3061 1180 3132 Luettiohannes
1201 3063 1287 3132 satis
1306 3061 1426 3133 deleu-

157 3185 218 3275 dit,
239 3193 280 3257 ut
298 3193 379 3256 aute
400 3168 680 3275 significavimus,
701 3186 785 3256 uihil
805 3185 982 3256 dicemus:
1007 3185 1109 3255 huius
1128 3191 1245 3256 autem
1264 3187 1426 3259 carminis

156 3333 235 3384 cum
254 3313 401 3383 alteram
421 3317 516 3382 certe
534 3316 669 3400 partem
688 3311 742 3381 vel
761 3311 821 3381 ille
841 3316 946 3401 neget
960 3330 980 3381 1
994 3310 1179 3401 Propertio
1199 3311 1426 3400 compositam

155 3438 256 3508 nobis
275 3435 430 3508 defensio
449 3434 669 3524 suscipienda
687 3435 837 3508 videtur.
850 3434 1066 3524 Quamquam
1084 3435 1128 3506 ad
1146 3436 1294 3524 primum
1304 3434 1426 3506 Heim·

155 3561 278 3632 reiebii
297 3565 539 3650 argumentum
558 3567 612 3630 est
630 3561 696 3630 ianr
719 3579 923 3648 responsum
947 3559 992 3628 iis
1016 3579 1103 3648 quae
1128 3560 1172 3630 de
1195 3580 1322 3648 genere
1347 3579 1423 3630 car-

156 3685 258 3754 minis
275 3684 538 3776 disputavimus.
558 3682 656 3772 Quod
675 3685 768 3754 enim
786 3685 836 3754 ait
855 3681 890 3753 id
910 3703 1048 3754 carmen
1063 3682 1208 3753 rudiore
1223 3704 1325 3772 quam
1340 3683 1426 3754 Pro-

128 3809 259 3896 -pertii
283 3817 359 3879 arte
383 3829 459 3881 esse
487 3807 728 3897 compositum,
756 3808 793 3879 id
821 3829 942 3879 verum
972 3816 1064 3878 esset
1092 3804 1252 3895 fortasse,
1281 3807 1310 3876 si
1335 3807 1423 3878 duae

155 3933 237 4002 illae
260 3938 378 4021 partes
405 3933 549 4004 totidem
577 3941 693 4001 essent
720 3934 855 4023 integra
883 3933 1051 4003 carmina:
1082 3949 1172 4000 nune
1197 3950 1275 3999 cum
1299 3931 1422 4003 ambae
1527 4030 1531 4035 ᾖ

155 4057 275 4127 eodem
295 4058 449 4127 camnine
468 4057 725 4144 contineantur,
745 4035 1031 4145 compdsitionem
1050 4059 1194 4144 apparet
1213 4054 1299 4125 nihil
1317 4056 1361 4127 ab
1380 4076 1421 4128 eo

154 4201 279 4270 genere
307 4179 468 4273 differre,
497 4201 563 4271 quo
593 4176 630 4250 et
655 4179 876 4268 Propertium
906 4186 943 4252 et
969 4180 1054 4250 alios
1082 4199 1166 4250 usos
1195 4198 1272 4250 esse
1299 4185 1421 4270 poetas

152 4307 254 4378 modo
278 4305 500 4376 ostendimus.
525 4304 622 4394 Quae
651 4311 767 4376 autem
794 4306 829 4375 iu
854 4305 1000 4394 singulis
1022 4304 1140 4375 verbis
1162 4305 1216 4375 vel
1241 4303 1422 4375 sententiis

154 4431 321 4520 quosdam
350 4426 584 4518 offenderunt,
613 4449 653 4500 ea
686 4429 830 4516 singulis
858 4426 1079 4501 emendandis
1113 4435 1174 4500 aut
1207 4425 1421 4516 explicandis

151 4574 253 4644 posse
285 4553 369 4626 tolli·
394 4560 435 4624 et
459 4552 610 4624 vidimus
643 4554 729 4624 iaru-
750 4573 827 4624 cum
860 4559 983 4623 contm
1023 4551 1325 4640 Escheuburgium
1355 4547 1421 4621 ¹di·
