3166 5146
682 224 891 292 -101-

155 433 225 506 Sed
244 435 414 504 mittimus
433 453 599 522 quaerere
618 455 718 523 quam
738 440 816 522 apte
839 452 880 502 eo
903 433 978 503 loco
1002 440 1189 523 ponantur,
1219 437 1304 507 nihil
1326 439 1418 508 enim

154 562 279 631 attinet
301 559 359 630 ubi
382 558 531 647 quidque
555 559 667 648 possit
689 559 771 646 poni
795 577 975 648 quaerere,
1004 559 1070 628 nisi
1098 560 1193 646 prius
1221 578 1290 631 non
1315 582 1416 650 posse

153 684 239 755 ferri
259 705 298 756 eo
317 705 384 774 quo
406 689 459 754 est
480 683 631 772 positum
653 683 728 753 loco
753 683 968 771 exploratum
991 689 1055 754 est.
1094 683 1170 755 Hoc
1195 706 1299 756 unum
1321 689 1416 759 vide-

154 831 249 881 amus
270 809 350 898 quid
372 813 492 880 contra
512 828 586 878 eam
606 828 694 897 quae
714 806 842 878 tradita
860 814 913 877 est
936 808 1104 879 sermonis
1128 810 1416 882 continuationem

152 931 362 1023 proferatur.
401 932 635 1022 Reprehendit
653 938 780 1019 autem,
804 932 833 1001 si
855 930 940 1000 illud
958 933 1025 1001 vix
1047 933 1083 1001 in
1101 955 1133 1002 v.
1157 936 1217 1005 66.
1239 934 1417 1006 delabere

154 1060 196 1128 ad
225 1057 353 1129 fontem
383 1057 648 1145 expugnandum
677 1056 832 1126 adhibito
861 1056 1052 1144 accipiatur
1084 1077 1215 1146 curque
1244 1058 1415 1129 Hercules

153 1192 400 1274 tamseverum
425 1169 547 1269 puellis
571 1180 752 1268 imperium
776 1177 924 1249 ediderit
948 1164 1206 1267 explicarieum
1226 1181 1416 1252 Hertzber-

154 1308 209 1395 gio
238 1306 467 1394 arbitremur,
496 1303 644 1393 primum
668 1302 757 1393 quod
781 1303 981 1374 hexameter
1000 1305 1153 1393 quamvis
1173 1313 1316 1393 propter
1335 1327 1416 1376 ana·

154 1432 285 1522 phorae
308 1428 451 1518 figuram
477 1427 621 1497 similem
646 1427 852 1497 sententiam
871 1427 1049 1497 continere
1068 1428 1230 1498 videatur
1248 1441 1362 1500 tamon
1382 1431 1417 1499 in

154 1557 254 1626 aliam
284 1573 323 1624 ac
351 1558 566 1642 pentameter
588 1558 723 1641 partem
749 1551 883 1637 tendat,
909 1551 1033 1622 deiude
1052 1551 1141 1641 quod
1158 1553 1329 1624 Hercules
1347 1575 1414 1624 non

153 1686 294 1768 terram,
315 1676 376 1748 sed
394 1676 524 1747 fontem
538 1670 744 1767 'mulieribus
763 1675 940 1764 eripuerit.
975 1676 1021 1746 At
1041 1677 1118 1766 quis
1136 1697 1202 1746 non
1221 1677 1327 1767 videt,
1349 1699 1417 1768 qua
1452 1714 1457 1725 ,

155 1805 209 1875 cui
232 1804 267 1872 in
285 1809 380 1873 terra
398 1822 487 1891 aqua
504 1801 746 1890 interdicatur,
774 1821 849 1870 eam
868 1799 999 1870 terram
1021 1821 1090 1870 non
1108 1801 1251 1890 patere?
1280 1821 1367 1889 quae
1386 1803 1416 1871 si

153 1927 338 2018 patuisset,
362 1926 449 1995 haec
473 1926 548 2013 ipsa
570 1945 679 2012 aquae
706 1925 864 2012 ignisque
890 1922 1088 1994 interdictio
1116 1924 1159 1994 ad
1187 1923 1326 1994 exihum
1355 1924 1414 2001 de·

157 2052 353 2123 clarandum
372 2071 439 2120 non
459 2056 551 2121 esset
569 2048 733 2121 adhibita.
756 2048 931 2138 Quemque
952 2048 1103 2120 offendat
1121 2049 1327 2137 pentametri
1342 2070 1416 2120 sen-

158 2177 262 2247 tentia
284 2176 485 2245 hexametro
511 2165 699 2256 οἱσυνδέτως
723 2173 902 2264 opposita?
938 2173 1032 2244 Haec
1058 2173 1148 2244 enim
1168 2178 1221 2242 est
1241 2173 1347 2262 ratio,
1372 2173 1415 2244 si-

156 2300 292 2388 quidem
315 2297 485 2368 Hercules
512 2300 630 2368 venire
660 2319 696 2367 se
723 2298 813 2367 hanc
837 2298 1040 2385 interram,
1069 2301 1106 2365 at
1128 2315 1203 2364 eam
1227 2294 1293 2364 sibi
1317 2297 1415 2384 quasi

153 2422 342 2511 hospitium
370 2440 533 2488 recusare
562 2420 724 2488 declarat.
759 2418 938 2506 Exemplis
962 2419 1019 2487 vix
1043 2439 1128 2508 opus
1152 2425 1205 2488 est
1226 2418 1262 2488 in
1285 2439 1323 2488 re
1346 2424 1416 2489 tarn

153 2544 326 2632 frequenti
344 2547 380 2614 et
397 2542 592 2632 perspicua,
613 2542 642 2610 si
662 2542 739 2629 quis
757 2547 871 2611 tamen
885 2542 1052 2630 requirat,
1068 2540 1221 2612 conserat
1235 2540 1299 2631 IV,
1312 2544 1372 2614 65.
1386 2564 1411 2613 1.
1491 2515 1496 2523 ’

392 2771 525 2841 Ennius
543 2771 678 2840 hirsuta
697 2770 809 2859 cingat
828 2790 890 2840 sua
909 2769 1002 2841 dieta
1021 2791 1161 2841 corona:

443 2893 495 2964 lli
513 2893 595 2965 lolia
615 2914 657 2963 ex
678 2893 804 2964 hedera
822 2895 973 2981 porrige,
993 2894 1142 2982 Bacche,
1163 2904 1232 2965 tua.

153 3126 200 3216 ΙΙ,
223 3126 284 3213 65,
308 3130 340 3194 5.
390 3120 517 3192 Omnes
536 3122 702 3192 humanos
722 3126 821 3190 sanat
839 3119 1009 3191 medicina
1026 3119 1183 3191 dolores.¹

443 3246 542 3317 Solus
561 3254 659 3317 amor
677 3246 787 3316 morbi
806 3266 873 3315 non
893 3249 985 3314 amat
1002 3243 1179 3316 artificem.

154 3461 182 3549 Ι,
205 3465 239 3548 2,
262 3462 322 3531 23.
341 3480 368 3529 s.
389 3457 465 3529 Non
483 3457 552 3528 illis
572 3458 722 3528 studium
741 3456 842 3544 vulgo
862 3456 1065 3544 conquirere
1085 3463 1252 3528 amantes:

443 3581 517 3652 Illis
536 3582 650 3671 ampla
670 3581 754 3652 satis
772 3579 882 3651 forma
900 3578 1073 3696 pudicitia.

153 3793 241 3864 Nam
270 3792 445 3882 anaphora
473 3813 582 3882 neque
611 3797 663 3862 est
690 3793 725 3860 in
741 3791 952 3881 ⁴pronomine
976 3785 1246 3860 demonstrativo
1266 3789 1317 3861 his
1337 3793 1412 3881 qui·
1488 3846 1493 3853 .

153 3917 242 4008 dem,
263 3916 324 3988 sed
342 3939 409 3988 nou
430 3917 534 3988 bisin
553 3918 652 3988 initio
672 3916 798 4005 posito,
818 3936 880 3985 uec
900 3916 929 3984 si
948 3921 1040 3985 esset
1059 3915 1101 3985 ab
1121 3914 1332 4003 oppositione
1352 3915 1412 3986 ab·

153 4042 325 4130 horreret,
351 4047 390 4112 ut
408 4062 451 4111 ex
469 4042 544 4130 ipso
563 4064 604 4112 eo
624 4040 713 4132 quod
732 4039 831 4109 modo
851 4045 1042 4109 extremum
1060 4037 1238 4110 attulimus
1256 4039 1411 4129 exemplo

154 4165 320 4235 cernitur.
336 4205 382 4217 —
399 4163 529 4251 Quodsi
548 4166 685 4236 illorum
705 4183 866 4234 versuum
887 4183 965 4232 eum
984 4162 1042 4252 qui
1062 4163 1210 4233 traditus
1230 4168 1283 4234 est
1299 4162 1411 4235 locum

153 4300 302 4377 tuemur,
322 4309 389 4359 non
409 4288 492 4358 item
512 4298 648 4358 tuemur
665 4308 803 4359 versum
823 4289 883 4356 42.

377 4500 550 4589 Accipite:
570 4498 656 4569 haec
674 4497 765 4569 fesso
785 4496 840 4566 vix
860 4497 942 4567 mihi
962 4505 1056 4567 terra
1074 4502 1181 4586 patet.
