3166 5146
584 274 791 342 ..45-

269 485 473 572 Felicesqae
496 483 589 554 lovis
607 484 725 554 stellas
745 482 941 569 Martisque
961 482 1098 571 rapacis

322 610 369 680 Et
387 629 494 697 grave
514 607 655 678 Saturni
676 607 769 678 sidus
788 608 823 675 iu
843 626 940 676 omne
960 611 1074 693 caput,

183 764 188 771 ·
268 733 358 822 Quid
376 740 534 804 moveant
552 734 665 822 pisces
685 732 909 819 animosaque
928 731 1023 819 sigua
1043 730 1169 800 Leonis

215 880 218 885 ⁴
322 859 430 929 Lotus
449 865 485 927 et
502 857 676 945 Hesperia
695 855 777 943 quid
797 854 1028 944 Capricornus
1046 875 1147 945 aqua.

270 982 402 1068 Dicam,
423 981 528 1052 Troia
547 981 650 1052 cades
670 987 707 1050 et
726 979 852 1050 Troica
869 970 978 1049 Roma
997 1000 1160 1069 resurges

322 1107 369 1177 Et
387 1107 493 1178 maris
513 1111 550 1176 et
568 1113 685 1176 terrae
703 1106 805 1194 longa
824 1103 981 1192 sepulcra
1001 1123 1132 1174 canam.
1148 1145 1193 1158 -

58 1326 153 1416 Quos
171 1350 249 1400 cum
267 1349 328 1399 suo
347 1328 422 1407 loco
443 1334 557 1399 movet
582 1326 856 1398 Luettiohannes
879 1326 1024 1413 primam
1046 1326 1134 1397 hanc
1157 1328 1325 1398 rationem

58 1458 227 1546 sequitur,
248 1455 340 1545 quod
359 1456 433 1545 ipse
452 1477 567 1526 secum
582 1461 710 1544 pugnet
724 1454 949 1543 horoscopus,
971 1453 1028 1542 qui
1048 1474 1125 1522 cum
1145 1453 1209 1524 sibi
1223 1452 1323 1524 fidem

58 1602 127 1652 non
154 1579 332 1669 prioribus
359 1577 544 1650 Chaldaeis
566 1579 729 1665 vindicet,
750 1597 812 1648 suo
831 1584 986 1665 tempore
1009 1577 1207 1666 astrologos
1228 1598 1323 1647 men·

58 1705 158 1776 dacia
177 1702 332 1793 proferre
352 1701 511 1773 affirmet.
529 1703 576 1772 At
593 1702 658 1771 hoo
678 1701 816 1791 quidem
834 1708 905 1770 tam
923 1709 1043 1790 aperte
1061 1701 1185 1772 falsum
1205 1712 1269 1791 est,
1287 1710 1325 1773 ut

19 1848 22 1853 ·
57 1848 170 1916 paene
190 1825 320 1915 pudeat
340 1825 527 1914 quidquam
551 1826 820 1895 contradicere.
846 1825 935 1912 Quid
959 1826 1070 1895 enim?
1095 1823 1133 1894 si
1157 1826 1247 1895 idem
1267 1827 1323 1896 ille

56 1953 275 2039 horoscopus
294 1969 326 2018 1.
349 1951 410 2018 75.
433 1970 460 2018 1.

274 2159 377 2231 Certa
395 2159 505 2230 feram
525 2161 631 2230 certis
649 2160 871 2231 auctoribus:
891 2167 951 2231 aut
971 2181 1034 2249 ego
1052 2171 1149 2232 vates

324 2283 471 2354 Nescius
490 2290 609 2355 aerata
627 2285 726 2375 signa
743 2305 883 2357 movere
901 2286 973 2374 pila
997 2323 1041 2336 ·-

56 2517 179 2568 verum
200 2515 237 2566 se
257 2503 370 2566 vatem
389 2492 584 2584 profitetur,
605 2496 634 2565 si
654 2516 685 2565 v.
709 2497 770 2566 77.
792 2515 820 2565 s.

272 2707 332 2778 Me
352 2715 447 2778 creat
466 2707 643 2798 Archytae
663 2707 797 2778 soboles
816 2706 1027 2797 Babylonius
1047 2706 1176 2800 Heres,

325 2832 454 2922 HoroS,
474 2838 511 2902 et
529 2853 549 2902 a
567 2853 698 2920 proavo
719 2832 824 2902 ducta
843 2830 980 2902 Conone
1000 2832 1120 2903 domus
1134 2874 1177 2883 -

60 3044 233 3134 originem
248 3065 345 3113 suam
366 3065 387 3113 a
401 3043 600 3113 clarissimis
615 3041 802 3128 astrologis
815 3042 952 3128 repetit,
970 3041 998 3109 si
1014 3041 1161 3132 denique
1176 3064 1207 3117 1.
1221 3046 1282 3115 79.
1299 3066 1326 3115 s.

276 3253 320 3323 Di
339 3253 422 3323 mihi
443 3255 512 3324 sint
530 3260 640 3325 testes
659 3273 728 3323 uon
749 3253 975 3342 degenerasse
994 3255 1205 3344 propinquos

328 3378 439 3468 Inque
458 3378 542 3449 meis
560 3378 659 3449 libris
679 3378 727 3448 nil
745 3378 843 3467 prius
863 3397 939 3448 esse
958 3377 1026 3448 fide
1039 3417 1084 3430 -

28 3632 34 3641 ·
65 3621 103 3672 se
121 3605 226 3690 negat
245 3600 495 3690 degenerasse:
522 3600 598 3688 quis
622 3620 689 3670 nou
712 3599 808 3671 videt
831 3620 909 3670 eum
929 3609 964 3670 et
982 3598 1086 3670 fidem
1103 3621 1186 3673 suae
1204 3601 1328 3672 vatici-

64 3723 198 3795 nationi
216 3724 260 3794 ab
280 3724 431 3814 antiquis
456 3725 508 3794 sui
531 3724 668 3812 generis
692 3723 878 3813 astrologis
902 3731 1058 3812 repetere
1082 3730 1116 3795 et
1139 3745 1182 3794 ne
1205 3725 1248 3796 ab
1273 3745 1329 3795 ae·

65 3848 227 3938 qualibus
246 3847 538 3937 mendacibusque
562 3846 746 3935 astrologis
774 3848 817 3919 de
837 3867 874 3917 se
897 3848 1096 3918 coniectura
1113 3845 1175 3918 fiat
1194 3867 1328 3918 cavere.

67 3971 220 4044 Gravius
238 3971 268 4040 si
288 3991 357 4040 non
376 3981 429 4042 est
447 3979 483 4041 11
501 3972 637 4043 videtur
656 3978 773 4041 tamen
792 3970 887 4060 illud,
908 3971 1000 4061 quod
1019 3981 1123 4059 negat
1142 3992 1206 4043 neo
1224 3972 1331 4044 verba

67 4096 263 4184 obliquae
283 4095 398 4183 signa
416 4096 570 4184 iterata
588 4102 705 4166 rotae
725 4102 761 4165 et
778 4115 868 4184 quae
886 4102 1077 4183 sequuntur
1095 4095 1223 4167 habere
1242 4095 1332 4169 unde

66 4221 240 4311 pendeant
258 4240 370 4308 neque
397 4219 456 4289 illa
475 4220 596 4291 Troia
623 4219 742 4290 cades
772 4224 812 4289 61
830 4219 977 4290 Τ1ο111
996 4219 1117 4291 Roma
1140 4240 1332 4312 resurges

66 4343 169 4415 facile
189 4344 369 4433 explicari,
391 4365 467 4414 cum
487 4343 698 4433 horoscopus
717 4343 896 4431 Propertii
916 4365 981 4414 non
1003 4343 1150 4415 Troiae
1169 4343 1241 4416 fata
1259 4348 1331 4417 edi-

68 4475 168 4539 turus
188 4469 244 4539 sit.
275 4466 380 4538 Certe
401 4468 540 4555 quidem
560 4467 767 4557 interpretes
787 4467 940 4538 videmus
963 4469 998 4536 in
1017 4467 1071 4538 his
1089 4470 1245 4541 versibus
1264 4492 1332 4543 non

67 4612 212 4683 parvam
236 4595 377 4681 operam
405 4591 646 4663 consumsisse.
675 4590 771 4680 Quae
800 4600 913 4663 tamen
938 4589 1121 4664 difficultas
1144 4586 1212 4664 don
1238 4600 1334 4666 tanta
