3166 5146
685 253 896 322 -96-

153 470 224 539 tius
243 466 376 537 versari
395 485 507 554 neque
527 463 715 535 aemulanti
734 463 923 533 iucundum
941 464 1000 551 sit,
1022 481 1100 530 cum
1119 460 1154 530 id
1176 460 1223 531 sit
1242 460 1342 549 quasi
1362 460 1431 531 vul·

153 611 238 662 nera
257 611 320 661 sua
338 588 505 660 refricare
526 607 639 677 neque
659 588 689 657 is
709 587 810 657 dolor
828 587 900 658 ulla
914 587 1090 673 voluptate
1110 584 1292 674 mitigetur
1310 583 1369 690 vel
1387 584 1432 654 le·

154 714 282 801 niatur,
308 733 420 802 neque
445 713 488 783 ad
512 713 664 782 animum
688 710 762 779 eius
783 715 838 799 qui
858 717 995 781 amatur
1018 708 1223 779 mutandum
1243 707 1431 797 quidquam

154 836 325 926 proficiat,
347 857 424 907 cum
445 835 498 906 vel
518 832 756 922 detorquendo
772 839 808 903 et
822 833 1108 922 reprehendendo
1126 853 1202 902 earn
1217 833 1328 923 ipsam
1343 833 1432 902 unde

154 958 332 1048 profectus
361 965 415 1029 est
442 980 540 1029 amor
568 957 716 1028 formam
748 964 991 1045 repraesentes
1016 976 1187 1046 quemque
1213 957 1431 1047 exstinguere

154 1083 241 1153 velis
261 1104 414 1154 amorem
435 1083 547 1172 magis
566 1081 730 1152 incendas
751 1086 787 1150 et
806 1101 945 1168 augeae.
975 1081 1051 1150 Hoc
1075 1081 1125 1149 ita
1151 1101 1241 1169 esse,
1268 1086 1308 1151 ut
1326 1082 1396 1151 iarn
1414 1103 1434 1151 a

155 1208 356 1277 coniectura
381 1211 416 1275 et
440 1207 576 1276 ratione
601 1206 644 1275 ad
673 1213 828 1275 veterum
857 1204 1055 1275 testimonia
1085 1204 1280 1292 redeamus
1311 1224 1433 1294 magno

156 1330 363 1400 documento
393 1336 447 1399 est
468 1328 607 1419 Medea,
637 1329 671 1398 in
697 1349 765 1417 qua
789 1348 864 1397 cum
892 1348 1008 1397 omnes
1035 1327 1164 1397 amoris
1188 1327 1319 1397 stimuli
1341 1328 1433 1398 itan

155 1453 269 1542 poetis
298 1453 532 1540 cumulentur,
567 1461 607 1522 ut
634 1459 797 1541 tanquam
826 1452 960 1540 specics
989 1450 1156 1540 quaedam
1186 1457 1291 1540 atque
1320 1451 1433 1540 imago

155 1575 337 1645 muliebris
356 1574 599 1645 aemulationis
619 1581 655 1645 et
673 1575 822 1645 invidiae
843 1573 1062 1664 informetur,
1087 1594 1198 1664 neque
1218 1575 1310 1665 apud
1330 1573 1434 1645 Euri·

156 1699 270 1787 pidem
296 1719 409 1788 neque
432 1699 525 1787 apud
545 1698 710 1770 Senecam
731 1720 842 1787 neque
862 1698 955 1787 apud
976 1697 1138 1770 Ovidium
1162 1700 1197 1768 in
1220 1698 1353 1770 Creusa
1376 1700 1433 1770 de·

156 1821 340 1892 scribenda
359 1827 525 1909 moratur,
546 1821 607 1892 sed
627 1842 761 1892 omnem
781 1823 975 1892 orationem
995 1828 1031 1891 et
1050 1824 1298 1910 cogitationem
1312 1825 1347 1893 in
1364 1823 1435 1895 suis

157 1944 319 2034 miseriis,
344 1947 377 2014 in
396 1946 540 2032 Jasone,
565 1945 599 2014 in
621 1944 762 2016 ultionis
783 1942 961 2035 voluptate
981 1947 1163 2017 consumit.
1184 1986 1236 1997 -
1256 1947 1323 2018 Sed
1341 1946 1436 2041 veni-

156 2088 234 2137 mus
252 2066 296 2137 ad
320 2067 401 2138 fidei
426 2076 584 2138 servatae
608 2067 888 2139 testificationem
907 2070 1105 2162 (nl-54),
1128 2090 1215 2159 qnae
1240 2069 1333 2160 quod
1357 2089 1436 2141 cum

157 2191 324 2280 proximis
347 2192 506 2262 versibus
529 2192 618 2261 male
641 2192 828 2262 cohaereat
846 2214 867 2262 a
887 2192 1141 2264 Loettichanne
1164 2199 1243 2282 post
1264 2193 1435 2282 perfidiae

48 2394 51 2399 A
157 2313 335 2404 Propertii
354 2316 660 2403 reprehensionem
680 2313 904 2386 transfertur.
925 2317 1041 2406 Atque
1060 2314 1143 2386 illud
1160 2316 1297 2405 quidem
1311 2318 1436 2405 negari

157 2457 226 2508 non
254 2444 383 2527 potest,
414 2459 433 2509 a
461 2437 609 2528 perfidia
632 2438 675 2509 ad
698 2438 802 2509 fidem
830 2438 1030 2510 facillimum
1057 2445 1093 2511 et
1119 2439 1437 2529 frequentissimum

158 2581 237 2632 eum
257 2582 334 2632 esse
355 2563 553 2650 transitum,
574 2568 615 2632 nt
633 2563 720 2633 haec
739 2563 791 2632 illi
811 2563 1017 2651 simpliciter
1036 2569 1232 2653 opponatur
1249 2584 1315 2635 nec
1336 2564 1435 2654 quid-

159 2704 260 2772 quam
289 2685 487 2755 intercedat
514 2706 580 2773 quo
607 2686 650 2755 ab
679 2707 748 2756 una
776 2685 820 2755 ad
844 2687 990 2756 alteram
1014 2688 1149 2759 animus
1178 2688 1431 2760 transducatur.

158 2805 247 2877 Nam
273 2812 456 2896 postquam
483 2807 655 2897 Cynthiae
679 2809 946 2878 inconstantiam
971 2812 1187 2901 memoravit,
1218 2831 1255 2882 se
1279 2816 1341 2883 ant
1363 2831 1434 2882 ser·

159 2951 241 3001 vare
269 2929 373 3002 fidem
401 2937 462 3001 ant
490 2951 649 3002 servasse
678 2936 739 3001 aut
770 2935 991 3001 servaturum
1019 2932 1227 3021 Propertius
1259 2933 1438 3024 praedicat

159 3060 195 3125 et
214 3053 242 3143 I,
258 3058 452 3143 15‚29.ss.

420 3232 527 3302 Nulla
546 3233 643 3320 prius
663 3239 761 3303 vasto
779 3233 941 3304 labentur
959 3232 1101 3305 flumina
1119 3240 1239 3325 ponto,

470 3356 592 3424 Annus
614 3365 649 3424 et
667 3356 825 3426 inversas
846 3356 986 3428 duxerit
1004 3365 1086 3430 ante
1104 3360 1211 3449 nicea,

419 3474 529 3561 Quam
548 3484 608 3548 tua
627 3479 691 3548 sub
711 3486 832 3551 nostro
851 3487 1007 3552 mutetur
1025 3489 1166 3572 pectore
1186 3504 1351 3576 cura-3

161 3640 197 3707 et
216 3635 244 3724 Ι,
261 3637 322 3749 IS,
338 3637 397 3707 11.
421 3635 478 3708 Sic
498 3639 583 3708 mihi
602 3646 637 3709 te
656 3639 788 3711 referas
806 3641 893 3710 levis
912 3647 1039 3712 utnon
1061 3642 1172 3712 altera
1190 3636 1311 3714 nos‘tro
1378 3730 1383 3739 Ι

405 3849 412 3860 α
472 3762 609 3834 Limine
628 3762 797 3834 formosos
817 3765 936 3835 intulit
954 3765 1025 3836 ulla
1043 3763 1149 3853 pedes
1169 3805 1220 3816 -

162 3920 243 4007 etl,
269 3923 328 4007 19,
352 3921 386 3988 5.
416 3918 494 3990 Non
516 3922 604 3992 adeo
624 3923 749 3994 leviter
768 3926 896 3994 nostris
915 3945 1000 4013 puer
1019 3924 1134 3995 haesit
1154 3925 1282 4014 ocelliS,

473 4043 522 4115 Ut
540 4066 637 4115 meus
656 4046 763 4117 oblito
783 4048 896 4136 pulvis
916 4067 1032 4117 amore
1050 4036 1220 4118 vacet—

114 4188 117 4193 *
163 4222 243 4288 ante
264 4239 351 4307 quae
371 4219 440 4289 non
460 4226 606 4291 mortem
626 4242 663 4292 se
682 4223 781 4314 dixit,
802 4224 865 4295 sed
880 4223 1049 4315 Cynthiae
1068 4226 1251 4316 perfidiam
1270 4232 1439 4315 metuere

163 4399 199 4464 et
217 4394 266 4476 ΙΙ,
286 4397 321 4484 6,
338 4399 400 4465 41.
422 4395 494 4466 Nos
514 4418 601 4466 uxor
619 4419 818 4490 numquam,
838 4421 1025 4488 numquam
1045 4425 1099 4475 me
1118 4403 1224 4474 ducet
1242 4405 1369 4475 amica:

475 4520 621 4609 Semper
640 4524 753 4596 amica
771 4525 867 4614 mihi,
889 4547 1025 4617 semper
1044 4534 1082 4599 et
1097 4549 1186 4600 uxor
1205 4528 1276 4598 eris
1297 4550 1360 4616 -3
