3166 5146
761 246 969 315 ..92-

223 459 313 530 mari
341 463 377 529 ct
403 461 613 547 tempestate
641 457 707 529 sibi
733 457 922 529 instantem
951 455 1161 545 deploravit,
1189 474 1295 526 versu
1329 456 1388 525 13.
1419 453 1503 526 haec

223 580 336 654 addit:
1157 593 1162 603 ·

331 791 387 863 Ah
406 797 527 882 pereat
546 792 743 883 quicunque
763 797 858 864 rates
877 798 913 863 et
931 791 1007 864 vela
1025 792 1177 881 paravit!
1192 829 1244 843 —

222 1000 273 1072 sic
292 1002 322 1091 Ι,
346 1003 404 1072 11.
426 1006 610 1091 postquam
638 1008 674 1074 et
701 1007 784 1073 ante
809 1008 976 1094 quantum
995 1009 1169 1075 metueret
1188 1025 1209 1075 a
1227 1002 1323 1074 Baiis
1342 1002 1503 1094 exposuit

222 1128 258 1194 et
276 1125 432 1214 proximo
451 1147 574 1197 rursus
594 1125 653 1214 qui
673 1126 849 1198 antecedit
868 1147 970 1197 versu
989 1128 1108 1199 multis
1126 1127 1186 1197 illa
1205 1127 1291 1199 dare
1310 1127 1417 1199 litora
1431 1127 1501 1199 dis·

222 1246 353 1319 cidium
371 1246 568 1338 affirmavit,
588 1254 744 1338 postcmo
763 1249 828 1320 hac
847 1251 1077 1322 detestatione
1097 1272 1146 1328 vs.
1171 1254 1231 1322 30.
1251 1252 1381 1323 utitur:

329 1460 386 1533 Ah
404 1467 550 1550 pereant
567 1462 672 1532 Baiae
691 1462 822 1533 crimen
842 1462 971 1533 amoris
989 1465 1115 1552 aquae!
1189 1520 1191 1524 .

221 1670 296 1743 Nec
324 1672 471 1743 multum
499 1671 632 1762 differt,
663 1674 693 1744 si
719 1693 839 1744 verum
868 1674 1086 1764 quaerimus,
1116 1674 1207 1764 quod
1230 1673 1359 1747 dicitur
1379 1674 1443 1765 III,
1465 1678 1500 1765 8,

224 1796 285 1865 37.
307 1815 335 1866 s.

327 2007 377 2077 At
395 2007 471 2098 tibi,
494 2006 554 2094 qui
572 2013 692 2078 nostro
712 2008 839 2080 nexisti
858 2009 1067 2097 rodelento,

383 2129 438 2201 Sit
456 2150 553 2202 socer
571 2136 751 2202 aeternum
771 2153 834 2204 nec
854 2133 928 2204 sine
948 2138 1059 2204 matre
1079 2132 1216 2203 domus!
1230 2169 1282 2185 -

221 2340 280 2430 qui
308 2361 433 2412 versus
455 2342 499 2413 ab
520 2343 710 2413 amatoriae
735 2343 976 2414 aemulationis
1001 2341 1327 2414 commemoratione
1351 2361 1419 2412 uno
1445 2342 1498 2413 ui·

221 2464 334 2536 sticho
355 2467 599 2555 seiunguntur:

328 2671 449 2744 Gaude
469 2675 561 2762 quod
580 2674 673 2745 nulla
692 2680 747 2745 est
765 2694 877 2763 aeque
897 2640 1066 2747 formosa:
1088 2674 1236 2764 doleres,

382 2794 416 2865 Si
435 2815 503 2883 qua
520 2793 627 2866 soret:
649 2816 739 2866 nunc
758 2797 806 2865 sis
825 2796 901 2865 iure
922 2797 1071 2886 superba
1089 2798 1232 2868 licet-

220 3024 289 3094 quo
305 3005 406 3075 ‘mala
434 3007 509 3078 eius
537 3007 723 3094 rivalitatis
751 3013 924 3097 augentur
949 3013 985 3078 et
1003 3007 1270 3097 amplificantur.
1311 3010 1359 3080 At
1377 3007 1440 3100 IV,
1463 3012 1498 3101 5,

222 3129 287 3200 75:
309 3129 403 3218 quod
421 3129 568 3201 dicitur:

328 3357 382 3429 Sit
401 3359 553 3429 tumulus
571 3359 671 3428 lenae
690 3365 790 3430 curto
808 3363 909 3428 vetus
928 3359 1093 3448 amphora
1112 3359 1201 3431 collo
1213 3364 1355 3432 -cett

219 3569 287 3641 etsi
305 3567 425 3640 decem
444 3590 569 3641 versus
589 3569 811 3641 intercedunt
828 3571 921 3642 inter
938 3571 1002 3642 has
1021 3592 1143 3660 preces
1163 3576 1198 3642 et
1217 3571 1334 3643 scelus
1349 3571 1448 3644 lenae
1462 3572 1498 3642 in

220 3713 287 3784 quo
307 3697 419 3763 totum
438 3691 512 3764 fere
532 3715 669 3765 carmen
690 3694 904 3765 consumitur
918 3701 1111 3785 narratum,
1124 3696 1173 3781 ³iis
1188 3693 1272 3783 ipsis
1287 3700 1404 3766 tamen
1419 3715 1497 3767 ver·

220 3816 316 3888 sibus
335 3816 420 3888 illud
438 3823 603 3888 narratur
623 3818 790 3908 evenisse,
820 3814 1001 3906 quodnisi
1021 3821 1194 3890 evenisset
1213 3818 1402 3907 optandum
1422 3823 1499 3891 erat

218 3945 259 4012 ut
277 3943 444 4032 eveniret,
456 3947 613 4013 'mortem
632 3941 709 4011 dico
729 3942 976 4033 miserrimam,
1008 3963 1077 4031 qua
1097 3941 1131 4011 di
1151 3942 1187 4010 in
1207 3942 1285 4032 ipso
1304 3941 1436 4013 scelere
1455 3942 1497 4012 il·

217 4064 286 4135 lam
314 4066 529 4155 puniverint,
559 4069 599 4136 ut
625 4069 769 4136 eventus
798 4065 967 4154 optationi
996 4066 1094 4155 quasi
1121 4070 1341 4154 praecurrat.
1382 4063 1499 4136 Semel

216 4187 327 4276 igitur
354 4188 445 4277 apud
472 4189 697 4278 Propertium
726 4187 912 4260 detestatio
942 4209 1009 4259 non
1038 4189 1168 4277 excipit
1190 4190 1302 4280 ipsam
1326 4189 1499 4261 malorum

217 4311 273 4383 vel
290 4311 460 4382 scelerum
480 4313 571 4415 unde
590 4311 826 4403 proficiscitur
845 4313 1218 4404 commemorationem,
1237 4313 1284 4404 II,
1307 4316 1368 4403 29,
1395 4317 1455 4388 12.

324 4505 481 4577 Intereat
498 4505 558 4595 qui
577 4527 640 4578 nos
653 4526 729 4584 non
749 4511 848 4596 putet
866 4527 941 4579 esse
960 4507 1058 4579 deos!
1071 4547 1123 4560 -
