3166 5146
775 267 904 335 -sa
934 237 994 317 -’

240 479 374 569 portius
392 480 593 550 inchoatum
613 478 793 567 abiecerit,
813 476 906 566 quod
925 496 1048 565 poema
1066 497 1176 565 neque
1196 477 1239 548 ab
1259 477 1330 548 alio
1346 498 1519 567 quoquam

239 622 351 692 neque
369 623 514 691 usquam
535 603 577 673 ab
597 603 674 691 ipso
688 601 876 690 Propertio
896 605 1121 689 memoratur,
1142 600 1178 670 iol
1196 599 1356 689 profecto
1373 623 1520 692 prorsus

240 731 294 796 est
310 726 488 797 hariolari.
519 726 610 797 Nam
631 724 801 816 quoditie
821 724 939 819 11‚10.
962 724 1097 814 epicum
1117 745 1155 795 se
1173 725 1224 795 ait
1242 745 1366 815 poema
1385 746 1519 815 compo·

240 848 406 938 siturum,
435 848 470 919 id
499 869 567 919 non
595 848 741 919 maioris
761 849 926 918 momenti
947 852 1017 937 est,
1048 868 1151 936 quam
1172 849 1266 937 quod
1285 848 1375 919 idem
1396 850 1461 937 111,
1484 853 1517 937 5,

241 975 302 1042 25.
326 993 372 1042 ss.

346 1164 434 1235 Tum
453 1165 538 1235 mihi
558 1170 704 1235 naturae
724 1163 833 1236 libeat
851 1163 1052 1253 perdiscere
1071 1185 1214 1255 morem,

400 1287 484 1376 Quis
504 1289 592 1359 deus
609 1287 698 1358 hanc
717 1287 837 1359 mundi
856 1292 1029 1377 temperet
1048 1294 1123 1358 arte
1144 1288 1280 1358 domum
1300 1296 1382 1361 cett.

237 1481 425 1567 grandiore
437 1501 474 1552 se
488 1486 604 1553 aetate
620 1481 776 1571 physicis
797 1488 833 1552 et
851 1482 1095 1572 philosophiae
1114 1503 1255 1571 operam
1275 1482 1437 1553 daturum
1457 1482 1517 1552 de-

238 1603 361 1694 clarat‚
381 1603 474 1675 unde
494 1625 562 1674 non
582 1603 684 1675 facile
705 1605 888 1694 quisquam
910 1605 1073 1676 coniiciat
1095 1627 1173 1676 eum
1189 1611 1353 1696 tanquam
1368 1607 1518 1678 alterum

236 1725 440 1798 Lucretium
459 1729 564 1798 etiam
584 1728 628 1800 de
652 1736 776 1800 natura
794 1749 915 1800 rerum
934 1729 1131 1818 scripsisse.

317 1851 368 1921 Ac
397 1871 541 1940 prorsus
568 1849 703 1923 frustra
726 1859 875 1940 negatur
897 1873 1001 1924 nunc
1025 1859 1061 1924 et
1079 1854 1157 1924 iam
1181 1852 1216 1922 in
1239 1853 1448 1924 carminibus
1466 1854 1517 1924 ita

235 1972 321 2063 dici,
350 1980 390 2044 ut
419 1995 486 2045 non
514 1974 551 2045 id
580 1997 681 2047 omne
704 1982 842 2066 tempus
867 1978 902 2045 in
922 1977 1012 2068 quoti
1033 1998 1173 2047 carmen
1193 1969 1325 2048 incidat
1343 1977 1514 2065 compiec-

234 2100 370 2181 tentur‚
400 2097 462 2169 sed
490 2101 719 2188 posteriorem
748 2101 823 2169 eius
851 2102 1019 2186 temporis
1038 2107 1176 2187 partem
1194 2102 1306 2188 priori
1326 2108 1513 2188 opponant.

234 2216 336 2306 Quod
356 2222 423 2293 etsi
444 2223 552 2292 multo
571 2220 612 2291 fit
631 2223 758 2309 rarius,
783 2227 901 2290 tamen
922 2242 983 2290 cur
1001 2223 1051 2291 ita
1068 2220 1129 2290 fiat
1150 2242 1216 2291 non
1238 2223 1424 2291 obscurum
1445 2230 1512 2294 est.

233 2342 443 2435 Plerumque
472 2345 563 2414 enim
592 2327 694 2433 lyrici
721 2348 847 2432 poetae
872 2344 940 2413 nisi
960 2345 1044 2432 quid
1063 2342 1192 2414 factum
1213 2343 1259 2412 sit
1277 2352 1422 2414 narrant
1442 2365 1512 2415 uno

234 2471 356 2538 tenore
381 2469 462 2557 quid
487 2469 534 2539 sit
555 2474 618 2538 aut
642 2467 725 2557 quid
743 2468 895 2538 sentiant
914 2474 1105 2558 exponunt,
1136 2472 1175 2536 ut
1193 2466 1263 2536 illis
1282 2467 1464 2555 particulis
1484 2470 1513 2537 si

232 2595 381 2661 utuntur
398 2592 435 2660 id
454 2613 520 2680 quo
540 2593 661 2663 dicunt
679 2599 817 2680 tempus
837 2613 858 2662 a
877 2593 1059 2680 superiore
1079 2589 1193 2679 aliquo
1213 2588 1422 2677 disiungant.
1442 2589 1510 2661 Ubi

232 2718 350 2783 autem
377 2713 426 2782 ita
454 2715 608 2783 carmina
637 2716 840 2800 instituunt,
871 2721 910 2783 ut
934 2714 1015 2784 dum
1039 2714 1159 2784 dicunt
1178 2711 1238 2782 fiat
1257 2713 1387 2802 aliquid
1408 2719 1505 2801 atque

232 2841 358 2926 agatur
376 2842 481 2924 atque
500 2833 544 2906 ad
563 2836 598 2906 id
619 2837 712 2925 quod
731 2836 847 2924 agitur
866 2836 973 2906 verba
990 2842 1023 2905 et
1035 2836 1505 2924 sententiasaccommodant‚

230 2954 280 3031 ibi
300 2964 335 3030 et
353 2979 518 3049 praesens
537 2967 675 3050 tempus
695 2960 792 3031 verbi
812 2965 847 3030 et
862 2958 921 3030 illa
935 2959 1103 3030 adverbia
1117 2960 1161 3029 ad
1175 2960 1339 3047 proxima
1354 2979 1509 3048 quaeque

231 3083 392 3155 referunt
410 3105 520 3173 eaque
533 3066 583 3154 ¹iis
605 3105 693 3174 quae
712 3086 747 3153 in
766 3084 891 3154 iisdem
911 3083 1126 3164 carminibus
1147 3084 1245 3172 prius
1260 3091 1337 3152 acta
1351 3083 1406 3153 vel
1417 3083 1512 3153 dicta

232 3213 313 3278 suut
330 3213 521 3296 opponunt.
558 3206 666 3278 Cuius
687 3208 739 3276 rei
759 3208 788 3277 si
807 3208 899 3296 apud
918 3207 1140 3294 Propertium
1161 3206 1229 3276 alia
1249 3206 1376 3276 desunt
1395 3226 1510 3276 exem·

229 3331 299 3421 pla,
319 3352 426 3402 causa
444 3333 479 3400 in
497 3331 563 3400 hoc
582 3331 661 3418 ipso
682 3337 737 3399 est
755 3331 889 3418 posita,
921 3329 1013 3418 quod
1032 3350 1099 3399 non
1118 3331 1229 3400 multa
1248 3330 1415 3415 eiusmodi
1434 3350 1509 3400 car-

227 3458 321 3530 mina
338 3451 455 3529 liobet.
488 3458 537 3528 At
556 3456 704 3529 Ovidius
724 3457 845 3528 Amor.
869 3456 935 3547 III,
958 3461 994 3546 2,
1016 3460 1078 3527 43.

301 3649 369 3722 Sed
387 3653 464 3724 iam
483 3674 611 3745 pompa
630 3652 736 3741 venit,
755 3651 879 3743 inquit,
900 3651 1028 3740 linguis
1047 3651 1237 3738 animisque
1257 3647 1373 3721 favete
1386 3689 1433 3701 -

229 3833 269 3899 ut
287 3830 354 3900 hoc
374 3830 486 3918 ipsum
507 3834 718 3899 momentum
739 3827 911 3915 temporis
932 3827 965 3897 ei
983 3827 1131 3916 tempori
1151 3832 1314 3916 opponat,
1335 3847 1402 3916 quo
1419 3827 1507 3897 sein

229 3953 351 4023 eodem
371 3953 523 4024 carmine
542 3950 627 4022 facit
646 3952 784 4021 initium
806 3949 968 4021 indorum
989 3946 1273 4039 exspectantem‚'
1287 3955 1390 4039 atque
1410 3949 1505 4020 aliud

228 4093 353 4146 rursus
371 4075 617 4164 posteriusque
636 4080 773 4164 tempus
793 4073 1011 4144 demonstrat
1029 4093 1098 4143 vss.
1122 4073 1231 4145 63.'s

389 4251 543 4322 Maxima
562 4253 639 4322 iam
657 4272 766 4321 vacuo
785 4252 934 4322 Praetor
953 4251 1153 4338 spectaculo
1175 4250 1277 4321 Circo

443 4376 674 4466 Quadriiugos
693 4396 803 4465 aequo
823 4395 964 4446 carcere
984 4375 1080 4444 misit
1099 4394 1205 4464 equos
1218 4413 1266 4425 -

226 4572 420 4642 rursusque
438 4551 532 4623 aliud
550 4573 621 4623 uss.
645 4556 705 4624 77.
728 4573 777 4623 ss.
