3166 5146
552 304 555 309 ,
698 153 904 286 -ua-

167 429 229 502 Pr,
249 432 285 499 4.
304 427 353 499 Et
371 425 661 516 caput‘impositis
677 425 807 516 pressit
822 426 930 497 Amor
947 423 1094 514 pedibus
1106 465 1151 477 -

168 553 265 624 Rem
286 551 364 624 Am.
390 551 477 623 530.
496 548 545 621 Et
563 555 625 621 tua
643 568 765 621 saevus
784 548 893 621 Amor
911 548 976 620 sub
995 547 1082 639 pede
1101 548 1193 621 colia
1207 551 1344 638 premit.
1370 617 1373 622 .

168 676 228 748 Pr.
250 677 284 747 5.
305 675 424 748 Donec
441 690 498 746 me
517 673 635 746 docuit
653 680 767 746 castas
785 673 897 746 odisse
915 674 1049 766 puellas
1063 708 1108 727 ⁴-

167 803 244 872 Am.
265 799 329 891 III,
353 802 412 890 14,
437 801 497 872 39.
536 796 634 869 Tude
651 817 740 869 amo:
769 805 852 871 tune
879 798 936 870 odi
962 796 1096 871 frustra
1123 797 1215 886 quod
1236 817 1353 871 amare
1370 818 1428 873 ne·

1145 901 1242 997 cesse
1259 930 1322 995 est.

165 1045 226 1117 Pr.
249 1049 283 1118 9.
304 1066 350 1120 ss.
376 1044 545 1145 Milanion
562 1042 675 1115 nudos
694 1041 873 1134 fugiendo,
892 1043 1005 1135 Tulle,
1025 1028 1162 1118 labores

451 1168 640 1241 Saevitiam
659 1166 767 1239 durae
786 1167 945 1240 contudit
961 1168 1112 1241 Jasidos.

378 1272 467 1367 Nam
485 1292 590 1366 modo
607 1291 806 1365 Partheniis
823 1308 941 1363 amens
961 1292 1103 1364 errabat
1121 1292 1157 1363 in
1173 1293 1296 1383 antris,

445 1417 524 1490 Ibat
542 1421 578 1489 et
596 1416 749 1489 hirsutas
767 1415 824 1487 1111
842 1416 964 1489 uidere
982 1413 1085 1489 ieras.

373 1542 436 1614 Ille
454 1542 560 1615 etiam
577 1539 702 1630 Hylaei
719 1553 905 1631 percussus
923 1539 1065 1613 vulnere
1082 1540 1170 1613 rami

445 1663 591 1737 Saucius
609 1663 772 1736 Arcadiis
790 1663 936 1753 rupibus
954 1664 1132 1753 ingemuit.

374 1787 470 1879 Ergo
488 1787 635 1860 velocem
653 1787 768 1876 potuit
785 1786 961 1859 domuisse
977 1787 1140 1877 puellam:

445 1911 594 1985 Tantum
612 1912 648 1982 in
666 1931 784 1983 amore
801 1931 922 2000 preces
941 1918 976 1985 et
994 1912 1082 1984 bene
1098 1911 1192 1985 iacta
1208 1911 1334 1985 valent.

163 2107 204 2178 Α.
218 2108 260 2177 A.
272 2100 317 2194 ΙΙ,
330 2104 414 2178 183.
431 2126 476 2177 ss
498 2102 707 2196 Obsequium
721 2105 897 2196 tigresque
911 2102 1028 2176 domat
1044 2102 1281 2196 Numidasque
1299 2105 1424 2179 leones.

362 2215 363 2218 '
449 2228 595 2300 Rustica
614 2224 791 2320 paullatim
811 2234 931 2301 taurus
950 2229 1060 2301 aratri
1078 2227 1182 2301 subit.

371 2350 462 2441 Quid
481 2351 548 2422 fuit
565 2352 722 2443 asperius
740 2350 938 2424 Nonacrina
956 2352 1139 2424 Atalanta?

447 2470 640 2546 Succubuit
658 2474 795 2546 meritis
814 2481 897 2545 trux
915 2480 1029 2544 tamen
1046 2454 1107 2544 villa
1124 2474 1220 2546 viris.

370 2597 480 2688 Saepe
499 2620 578 2670 suos
597 2619 695 2670 casus
713 2618 776 2669 nec
794 2595 892 2667 mitia
909 2590 1000 2668 facta
1019 2594 1154 2686 puellae

449 2720 645 2794 Flesee'sub
666 2721 851 2793 arboribus
871 2715 1062 2793 Milaniona
1080 2719 1207 2794 ierunt.

370 2842 480 2937 Saepe
499 2847 580 2918 tulit
597 2847 692 2918 iusso
710 2840 846 2918 fallacia
865 2846 951 2917 retia
971 2840 1070 2918 collo:

446 2967 554 3061 Saepe
573 2962 648 3041 iera
665 2976 786 3042 torvos
806 2970 946 3061 cuspide
966 2968 1043 3040 fixit
1061 2990 1174 3060 apros

369 3092 484 3165 Sensit
502 3101 539 3164 et
556 3088 682 3184 Hylaei
700 3099 898 3164 contentum
917 3090 1056 3165 saucius
1076 3114 1209 3164 arcum:

448 3216 516 3289 Sed
535 3224 650 3289 tamen
668 3217 734 3289 hoc
752 3238 836 3289 arou
854 3217 967 3288 notior
988 3217 1077 3288 alter
1095 3224 1180 3288 erat.

142 3412 226 3485 'Sed
249 3411 334 3483 satis
357 3411 603 3499 exemplorum.
650 3411 685 3483 Si
712 3417 828 3483 autem
856 3410 979 3482 borum
1013 3408 1201 3482 similitudo
1227 3411 1421 3500 qualiscun-

157 3554 224 3626 que
242 3537 381 3608 videtur
399 3552 467 3607 non
485 3537 598 3607 minor
618 3545 671 3607 est
689 3535 914 3607 similitudine
933 3552 1069 3625 eorum,
1101 3554 1189 3626 quse
1214 3556 1238 3606 a
1261 3535 1421 3608 Caruttio

158 3657 394 3751 proferuntur,
414 3661 442 3732 si
461 3660 497 3731 iu
512 3672 630 3731 omnes
645 3658 718 3731 iere
732 3660 909 3750 Propertii
923 3659 1050 3748 elegias
1064 3672 1134 3730 non
1147 3660 1328 3751 pauciores
1343 3678 1420 3729 aer-

156 3803 217 3853 sus
235 3782 350 3855 Ovidii
367 3785 500 3856 similes
518 3782 682 3856 facillime
699 3791 841 3874 possunt
859 3784 991 3874 colligi:
1019 3800 1062 3853 ne
1085 3783 1120 3852 in
1139 3787 1264 3873 quarto
1282 3781 1421 3871 quidem

156 3906 244 3979 libro
273 3924 314 3977 ea
340 3907 527 3980 similitudo
556 3908 646 3979 mira
672 3906 783 3978 videri
806 3904 922 3979 debet
951 3907 1095 3978 Accedit
1113 3911 1237 3977 utnon
1254 3906 1421 3994 pauciora

156 4031 293 4102 Tibullo
311 4036 347 4102 et
364 4031 547 4122 Propertio
567 4031 760 4103 communia
779 4032 864 4122 sint,
893 4032 985 4104 unde
1003 4049 1071 4102 non
1088 4029 1175 4101 illud
1193 4027 1354 4120 eflicitur,
1381 4036 1421 4102 ut

156 4170 199 4226 ea
225 4172 246 4226 a
271 4155 453 4244 Propertio
481 4157 591 4228 aliena
620 4157 706 4244 sint,
734 4155 795 4225 sed
822 4163 863 4227 ut
890 4157 1083 4246 elegi-arum
1109 4155 1316 4246 scriptorum
1344 4173 1419 4225 eam

154 4278 260 4351 inisse
282 4280 485 4352 societatem
505 4286 540 4352 et
559 4280 837 4352 communitatem
855 4290 1037 4370 appareat,
1066 4286 1105 4350 ut
1132 4298 1191 4350 res
1210 4278 1347 4351 eaedem
1364 4279 1419 4349 111

153 4400 269 4475 verbis
288 4420 394 4494 saepe
412 4404 534 4476 iisdem
553 4406 796 4495 exprimerent.
834 4405 954 4494 Neque
973 4405 1009 4476 id
1022 4404 1149 4474 mirum
1168 4402 1306 4475 ridetur
1322 4408 1419 4475 tanta

153 4547 270 4600 eorum
295 4529 552 4620 coniunctione,
583 4546 685 4619 quarn
714 4526 859 4600 Ouidius
878 4529 1044 4600 describit
1062 4529 1168 4601 Trist.
1188 4526 1250 4618 IV,
1274 4529 1334 4617 10,
1355 4529 1416 4599 io.
