3166 5146
682 253 890 323 ..33-

152 465 393 556 sputabamus,
427 471 464 537 et
492 485 571 536 mox
599 484 679 535 cum
715 469 837 536 111111
872 462 1165 535 Luettiohannem
1201 463 1270 534 erit
1306 461 1433 535 dicen-

152 589 236 661 dum
254 610 374 661 rursus
398 588 603 661 videbimus.
628 587 759 658 Mirum
784 608 866 659 vero
889 589 1038 660 alterum
1061 587 1147 661 illud
1169 593 1431 677 argumentum,

152 714 242 804 quod
268 721 372 805 negat
394 713 553 785 versibus
577 716 645 783 121
670 752 722 764 -
745 717 830 785 126.
862 712 1051 803 quidquam
1078 711 1195 783 afferri
1219 717 1364 801 praeter
1388 732 1432 783 ea

154 838 289 929 quael,
311 842 373 928 22,
400 841 421 910 3
448 876 500 889 -
528 839 586 908 10.
611 844 753 908 narrata
777 837 858 907 sint.
885 835 984 925 Quod
1008 836 1110 926 quale
1135 836 1181 906 sit
1205 856 1272 926 quo
1295 834 1432 907 clarius

152 963 383 1053 perspiciatur
400 962 515 1052 placet
532 961 588 1031 hic
607 967 793 1051 utrumqne
812 961 925 1031 locum
944 980 1159 1050 proponere:

152 1139 182 1230 Ι,
205 1144 267 1229 22,
294 1141 314 1211 3
336 1180 387 1191 -
411 1142 470 1210 10.
491 1137 802 1211 1111111111
822 1137 956 1227 patriae
976 1143 1056 1208 sunt
1075 1145 1159 1207 nota
1178 1136 1354 1225 sepulcra,

538 1263 661 1334 Italiae
683 1263 779 1334 duris
798 1259 921 1332 funera
938 1260 1164 1350 temporibus,

489 1386 575 1458 Cum
594 1387 751 1458 Romana
769 1407 850 1456 suos
869 1386 941 1474 egit
959 1383 1133 1456 discordia
1152 1385 1245 1456 cives

542 1509 607 1602 (Sit
625 1511 709 1581 mihi
728 1510 914 1600 praecipue
933 1509 1047 1598 pulvis
1066 1508 1217 1581 Etrusca
1235 1508 1354 1580 dolor:

474 1634 539 1705 ¹Tu
557 1635 716 1724 proiecta
730 1634 798 1705 mei
816 1654 982 1722 perpessa
1000 1654 1037 1704 es
1052 1633 1208 1704 membra
1221 1633 1429 1724 propinqui,

541 1759 594 1830 Tu
615 1758 709 1830 nullo
728 1757 849 1828 miseri
869 1759 1022 1847 contegis
1043 1778 1123 1828 ossa
1141 1757 1239 1846 solo),

487 1883 654 1954 Proxima
672 1883 854 1973 supposito
874 1882 1075 1971 contingens
1095 1879 1241 1953 Umbria
1260 1874 1391 1973 campo

541 2007 602 2078 Me
621 2007 741 2096 gennit
760 2007 865 2077 terris
883 2003 1009 2076 fertilis
1031 2005 1227 2077 uberibus·

153 2165 217 2254 IV,
235 2170 302 2237 121
319 2207 367 2218 -
382 2156 468 2239 126.
489 2166 635 2240 Umbria
652 2175 687 2238 te
707 2169 798 2237 notis
818 2166 962 2256 antiqua
980 2165 1171 2237 Penatibus
1192 2166 1276 2237 edit.

542 2290 723 2362 Mentior?
743 2311 786 2361 an
805 2291 939 2380 patriae
958 2291 1115 2378 tangitur
1134 2310 1195 2361 ora
1213 2296 1312 2380 tuae,

489 2413 564 2503 Qua
581 2415 750 2486 nebulosa
769 2436 853 2487 cavo
873 2421 971 2486 rorat
987 2414 1151 2486 Mevania
1170 2434 1292 2502 campo

542 2538 592 2609 Et
609 2543 704 2610 lacus
723 2540 862 2610 aestivis
881 2540 1016 2628 intepet
1033 2537 1165 2611 Umber
1184 2539 1295 2628 aquis,

489 2660 764 2752 scandentisque
783 2662 877 2733 Asisi
897 2663 1079 2751 consurgit
1097 2661 1230 2734 vertice
1250 2683 1394 2755 murus,

543 2784 671 2856 Murus
691 2785 734 2857 ab
753 2786 894 2875 ingenio
913 2786 1029 2856 notior
1047 2784 1107 2856 ille
1127 2791 1197 2857 tuo.

234 2959 354 3049 Quivis
374 2959 476 3032 facile
497 2962 591 3033 videt
608 2963 788 3052 superiore
811 2962 963 3034 carmine
986 2962 1072 3033 nihil
1095 2964 1224 3053 aperiri
1244 2964 1312 3035 nisi
1330 2965 1372 3037 in
1393 2988 1437 3039 ea

153 3092 255 3177 parte
273 3083 441 3157 Umbriae
464 3107 552 3176 qnae
575 3086 618 3157 ab
644 3108 729 3176 agro
752 3087 925 3159 Perusino
950 3109 1019 3158 non
1042 3087 1142 3177 longe
1166 3086 1317 3158 distaret
1336 3091 1435 3162 etin

52 3214 55 3219 '
154 3209 248 3281 edito
267 3209 414 3299 quodam
428 3210 504 3281 loco
523 3216 643 3281 natum
662 3231 736 3282 esse
749 3211 985 3300 Propertium,
1006 3211 1041 3280 in
1056 3211 1167 3282 altero
1183 3230 1259 3282 eam
1273 3213 1435 3301 patriam

154 3338 226 3420 unt,
246 3334 276 3404 si
296 3333 406 3404 Asisi
429 3353 505 3404 curn
529 3332 683 3405 Lucieno
706 3333 879 3405 Muellero
902 3335 958 3405 vel
980 3355 1058 3405 cnm
1075 3334 1310 3425 Hertzbergio
1329 3338 1435 3411 Asis

154 3456 332 3544 scribitur,
353 3457 492 3527 nomine
511 3457 665 3549 proprio,
684 3463 747 3529 aut
765 3463 879 3529 tamen
893 3457 1089 3530 Mevanatis
1117 3459 1190 3550 agri
1206 3465 1242 3530 et
1258 3458 1435 3533 Clitumni

154 3581 427 3671 propinquitate,
457 3582 484 3652 si
514 3581 678 3653 Italorum
703 3583 881 3653 inventum
900 3583 1010 3654 areis
1038 3582 1251 3674 praefertur,
1272 3582 1430 3657 definiri.

154 3705 320 3778 Fortasse
339 3704 469 3778 ibidem
500 3705 650 3778 familiae
671 3705 834 3795 splendor
858 3705 1085 3796 significatur,
1109 3709 1138 3779 si
1158 3706 1297 3797 quidem
1315 3707 1436 3783 Pena·

155 3838 209 3901 tes
232 3839 332 3902 notos
356 3829 400 3901 de
423 3836 507 3900 1111
528 3828 660 3900 familia
684 3829 767 3901 licet
794 3830 967 3920 accipere.
1003 3832 1218 3922 Quamquam
1238 3853 1317 3903 cum
1342 3833 1436 3907 alibi

35 4050 38 4055 Ι
154 3974 293 4043 quoque
313 3954 464 4026 Penates
483 3954 526 4025 de
550 3955 666 4043 patria
684 3953 853 4045 dicantur,
873 3963 912 4027 ut
930 3955 960 4043 Ι,
982 3959 1044 4043 22,
1068 3959 1099 4026 1,
1124 3955 1259 4045 (Qualis
1278 3962 1315 4028 et
1332 3957 1435 4031 unde

155 4099 284 4168 genus,
323 4079 381 4166 qui
418 4077 489 4148 sint
515 4077 616 4166 mihi,
654 4079 771 4168 Tulle,
808 4078 971 4169 Penates)
1007 4079 1140 4150 Auson.
1187 4077 1432 4156 Pruefutinnc.

155 4201 299 4293 Syagrio
321 4205 382 4272 33.
410 4202 638 4291 (Thessaliam
659 4203 865 4294 Thebasque
893 4223 973 4275 suos
1001 4203 1155 4275 habuere
1175 4204 1352 4296 Penates),
1384 4228 1433 4280 ne

155 4326 212 4397 hic
233 4325 372 4414 quidem
392 4327 577 4417 quidquam
598 4327 715 4400 obstat
743 4328 826 4416 quin
852 4329 987 4417 patriae
1010 4326 1135 4399 lamam
1154 4328 1304 4404 indicari
1324 4337 1435 4418 pute-

156 4470 244 4520 mus.
264 4449 359 4540 Ergo
379 4472 441 4522 nec
461 4472 550 4542 quae
568 4460 726 4543 pugnent
754 4454 846 4524 inter
870 4472 906 4523 se
926 4463 1005 4524 sunt
1027 4454 1061 4523 in
1079 4452 1134 4524 his
1153 4453 1251 4542 locis,
1271 4460 1312 4525 nt
1329 4456 1435 4544 prius

159 4580 282 4646 contra
300 4573 493 4648 Caruttium
512 4576 705 4667 docuimus,
725 4599 789 4650 nec
807 4597 896 4668 quae
914 4577 1015 4667 plane
1037 4577 1109 4650 sint
1126 4578 1258 4650 eudem.
1277 4577 1328 4650 At
1348 4586 1434 4653 tun·
