3166 5146
755 209 960 278 -24-
1096 292 1100 299 ,

224 420 333 512 Saepe
361 443 439 524 suos
467 421 590 492 solitus
615 421 766 491 recitare
794 419 997 509 Propertius
1025 419 1123 507 ignes
1150 419 1239 492 Jnre
1262 420 1412 492 sodalitii
1424 422 1491 510 -qui

225 548 309 619 mihi
327 544 470 617 iunctus·
484 543 791 617 crat-Restant
807 542 945 616 fabulae
971 549 1012 616 ut
1038 544 1080 615 de
1099 543 1256 616 omnibus
1276 546 1407 616 dictum
1429 545 1490 618 sit.

226 671 281 743 Ad
300 690 384 761 quas
402 668 672 741 Luettiohannes
690 669 766 739 iure
785 673 957 739 memorat
971 668 1387 758 HerculemaPropertio
1403 689 1490 740 neu·

225 797 355 885 tiquam
368 793 504 865 narrari
521 794 557 863 in
575 793 675 865 Latio
695 798 880 883 mortuum,
896 790 956 864 sed
967 812 1017 863 vs.
1031 795 1092 863 61.
1113 793 1286 884 (Augnlus
1300 792 1357 865 hic
1371 793 1492 863 mundi

226 939 314 992 nunc
332 937 388 990 me
405 938 482 990 mea
494 916 566 989 fata
580 917 773 989 trahentem
787 916 937 1010 Accipit)
952 917 995 988 de
1009 918 1159 990 adventu
1178 917 1289 1007 accipi
1309 924 1487 1008 oportere,

35 1058 39 1067 '
137 1081 140 1085 ·
224 1043 348 1134 Scyllis
366 1050 481 1114 autem
499 1042 632 1114 duabus
647 1039 799 1113 confusis
813 1041 909 1112 illum
922 1046 1035 1113 tutum
1050 1061 1126 1112 esse
1142 1039 1254 1113 Ovidii
1269 1041 1491 1132 Vergiliique

226 1167 399 1258 exemplis.
445 1164 533 1238 Nam
561 1170 682 1236 narrat
703 1165 761 1236 ille
784 1165 921 1255 quidem
939 1165 1003 1260 ΙΙΙ,
1029 1169 1091 1254 19,
1111 1168 1173 1236 21.
1202 1166 1296 1269 illem
1325 1165 1489 1256 Scyllam,

227 1312 314 1381 quae
332 1291 454 1363 Nisum
472 1296 606 1382 patrem
619 1289 823 1381 prodiderit,
839 1288 992 1361 Minoem
1005 1289 1184 1380 adamarit,
1199 1289 1235 1359 in
1249 1290 1328 1360 navi
1341 1291 1490 1361 vinctam

224 1426 356 1506 poenas
376 1412 524 1502 dedisse3
543 1414 635 1486 idem
645 1413 707 1502 IV,
723 1417 760 1503 4,
778 1416 840 1486 39.
861 1435 887 1485 s.
909 1412 999 1503 Quid
1017 1414 1154 1503 mirum,
1169 1414 1292 1505 inquit,
1308 1414 1343 1484 in
1357 1415 1493 1504 patrios

225 1538 375 1630 Scyllam
393 1539 546 1611 saevisse
564 1539 708 1629 capillos
728 1537 948 1629 Candidaque
965 1539 999 1610 in
1013 1559 1135 1610 saevos
1150 1539 1293 1629 inguina
1311 1559 1414 1610 versa
1433 1559 1492 1610 ca-

225 1683 351 1735 nes-z
368 1662 430 1735 sed
444 1661 587 1735 Ovidius
605 1664 720 1754 etiam,
737 1663 795 1753 qui
814 1664 901 1735 Met.
912 1663 956 1753 X,
967 1663 1015 1734 in.
1036 1662 1164 1734 Phorci
1176 1661 1279 1754 filiae,
1290 1663 1377 1735 Met.
1389 1662 1491 1752 VHI,

225 1789 273 1859 in.
293 1786 383 1859 filiae
401 1786 478 1858 Nisi
496 1785 647 1859 fabulam
666 1788 825 1877 exponit,
845 1787 935 1859 idem
954 1789 1031 1858 Am.
1051 1787 1120 1877 Ill,
1143 1790 1203 1877 12,
1224 1791 1286 1858 21.
1324 1788 1396 1859 Per
1413 1807 1493 1876 nos,

116 2004 119 2010 .
225 1910 354 2001 inquit,
385 1908 502 2002 Scylla
527 1912 619 2001 patri
646 1931 753 1982 canos
778 1909 895 1981 furata
917 1910 1063 2001 capillos
1084 1910 1183 1982 Pube
1205 1910 1333 1999 premit
1351 1910 1493 1983 rabidos
1559 1898 1562 1903 ’

224 2034 491 2126 inguinibusque
508 2056 621 2125 canes,
641 2037 849 2126 eosdemque
862 2055 972 2124 paene
987 2056 1110 2107 versus
1124 2035 1392 2125 redintegrata.
1405 2036 1449 2106 A.
1461 2035 1491 2124 I,

229 2163 299 2230 331
322 2179 364 2246 0.;
384 2159 536 2249 itemque
550 2157 727 2249 Vergilius
746 2165 782 2229 et
799 2158 887 2229 Aen.
902 2157 966 2248 ΙΙΙ,
988 2162 1208 2231 424-428.
1229 2160 1376 2231 alteram
1394 2156 1491 2250 Scyl·

227 2285 295 2356 lam
314 2282 498 2373 describit,
527 2286 563 2354 et
589 2281 664 2354 Ecl.
684 2280 746 2373 Vl,
767 2284 828 2354 74.
850 2303 896 2353 ss.
916 2281 1001 2354 baec
1019 2283 1141 2355 habet:
1170 2283 1261 2372 Quid
1288 2282 1412 2373 loquar
1430 2289 1501 2363 aut¹

227 2407 378 2499 Scyllam
396 2407 490 2499 Nisi,
519 2426 622 2496 quam
640 2404 731 2478 lama
750 2411 869 2478 secuta
888 2411 941 2478 est
959 2405 1112 2479 Candida
1131 2407 1341 2480 succinctam
1358 2409 1486 2480 latran-

225 2533 320 2604 tibus
339 2531 479 2622 ingnina
496 2531 658 2603 monstris
676 2531 856 2603 Dulichias
875 2552 1016 2604 vexasse
1034 2536 1191 2622 rates-,
1212 2531 1273 2604 ubi
1287 2553 1349 2605 cnr
1364 2530 1493 2604 Oarut·
1532 2522 1536 2530 ’

141 2744 147 2755 .
227 2657 297 2727 tius
316 2654 478 2726 mendum
496 2654 605 2725 latere
624 2655 819 2744 suspicetur
837 2655 930 2726 nulla
949 2662 1002 2727 est
1020 2657 1120 2728 ratio.
1170 2656 1269 2728 Hunc
1293 2657 1328 2726 in
1350 2657 1495 2727 modum

227 2800 304 2852 cum
321 2785 446 2871 poetae
464 2777 602 2848 varient
619 2775 771 2868 fabulas,
800 2798 843 2849 ne
871 2776 984 2850 Cacus
1013 2779 1150 2865 quidem
1174 2777 1278 2850 debet
1302 2778 1494 2870 offendere,

228 2925 330 2994 quem
349 2902 416 2974 etsi
433 2922 532 2972 nemo
552 2901 643 2991 quod
662 2902 766 2973 sciam
784 2901 872 2973 alius
890 2901 1079 2993 tricipitem
1099 2902 1202 2993 dixit,
1231 2904 1351 2993 plures
1374 2914 1494 2976 tamen

167 3078 170 3084 -
228 3027 337 3099 diram
356 3027 431 3098 eius
448 3025 572 3098 faeiem
590 3032 798 3116 memorant,
818 3032 857 3097 ut
876 3047 941 3097 non
961 3026 1086 3098 mirum
1105 3026 1244 3098 sileam
1263 3051 1284 3099 a
1302 3027 1495 3119 Propertio

80 3219 84 3228 .
226 3151 338 3224 tribus
356 3151 527 3242 capitibus
546 3171 622 3222 esse
640 3149 825 3222 definitam.

305 3276 497 3367 Epistolam
518 3275 710 3345 Arethusae
729 3272 907 3346 Oaruttius
926 3274 1116 3346 Heroidum
1130 3275 1356 3347 imitationem
1374 3283 1493 3366 vocat,

228 3401 327 3471 cuius
347 3404 576 3470 commentum
595 3398 735 3470 ductum
753 3399 912 3471 videatur
930 3421 972 3471 ex
991 3399 1101 3488 elegia
1115 3405 1172 3472 12.
1192 3401 1215 3471 l.
1232 3401 1296 3490 Ill,
1317 3420 1385 3490 qua
1401 3400 1492 3474 Pro-

226 3523 359 3614 pertius
384 3521 569 3593 derelictae
589 3520 708 3594 Gallae
727 3522 929 3595 Postumum
956 3532 1092 3612 arguat.
1139 3524 1206 3597 Ubi
1232 3524 1333 3612 hoce,
1362 3525 1495 3616 inquit,

227 3666 392 3739 praesens
410 3665 518 3735 genus
536 3644 664 3718 Noster
681 3654 816 3719 tentare
834 3647 1009 3737 voluisset,
1029 3646 1176 3721 formam
1195 3669 1317 3719 novam
1336 3657 1372 3721 et
1389 3669 1493 3721 suam

227 3772 278 3843 illi
298 3771 464 3858 dedisset,
484 3790 547 3843 nec
565 3776 636 3841 tam
657 3770 800 3842 moleste
821 3768 937 3843 Ovidii
954 3772 1099 3862 vestigia
1118 3772 1313 3860 pressisset.
1360 3774 1408 3843 At
1427 3793 1496 3848 cur

226 3895 329 3968 huius
352 3895 468 3986 potius
486 3903 608 3966 auctor
624 3895 754 3983 elegiae
773 3893 930 3967 Ovidium
957 3897 1111 3967 imitatus
1137 3900 1280 3985 putetur
1303 3917 1404 3986 quam
1428 3905 1495 3971 aut

227 4024 348 4090 contra
366 4025 427 4090 aut
443 4023 567 4090 neuter
585 4020 765 4089 neutrum?
812 4017 913 4091 Certe
940 4020 1081 4091 relictae
1111 4020 1230 4092 uxoris
1258 4021 1302 4092 ad
1324 4021 1490 4095 maritum

228 4141 372 4232 epistola
390 4162 457 4213 non
476 4148 545 4214 tam
564 4143 716 4214 insolens
739 4163 843 4214 cansa
861 4149 955 4233 erat,
975 4150 1099 4214 utnon
1118 4165 1180 4214 aua
1200 4148 1346 4235 uterque
1365 4154 1495 4236 sponte

228 4284 303 4337 eam
316 4272 435 4355 posset
447 4273 609 4339 tractare.
626 4264 839 4361 Quamquam
858 4268 893 4339 id
912 4269 1017 4339 etiam
1034 4265 1164 4340 factum
1183 4278 1236 4342 est
1253 4271 1494 4360 inposterum

227 4390 422 4481 consortiis
441 4396 481 4461 ut
499 4391 607 4462 maior
625 4397 708 4462 natu
727 4392 868 4465 minoris
888 4370 1081 4482 exemplum
1100 4400 1315 4482 sequeretur.
1338 4392 1405 4465 Sed
1416 4395 1493 4486 Ly·

227 4520 325 4589 cotae
353 4519 389 4585 et
415 4514 611 4587 Arethusae
630 4514 824 4588 nominibus
841 4518 1042 4589 Postumum
1061 4517 1159 4587 illum
1181 4524 1217 4588 et
1235 4515 1371 4591 Gallam
1393 4519 1493 4593 desi·
