3166 5146
677 201 886 269 -102—

152 411 232 483 Non
255 430 321 498 quo
341 411 512 480 sententia
531 409 602 479 eius
621 409 664 479 ab
684 409 843 479 hocloco
863 430 1006 497 prorsus
1025 409 1137 480 aliena
1156 409 1215 495 sit,
1242 408 1304 479 scd
1324 408 1412 498 quod

151 534 288 605 omnino
307 533 398 605 idem
418 554 538 604 versus
556 532 610 602 bis
629 533 664 601 in
683 533 803 603 eodem
822 535 972 603 carmine
990 534 1139 622 posituS,
1161 534 1227 603 nisi
1247 553 1314 622 quo
1335 552 1413 603 con·

152 658 228 729 silio
245 656 291 728 sit
304 658 472 747 repetitus
491 663 646 747 apparet,
667 657 896 744 suspicionem
916 663 1041 727 movet.
1062 657 1209 727 Accedit
1223 661 1263 726 ut
1277 655 1414 725 ihNea·

153 782 303 870 politano
322 781 438 853 codice
459 782 520 851 sit:
545 781 708 872 Accipit
731 802 794 869 pro
814 780 1018 871 Accipite,
1043 803 1085 851 ex
1104 803 1171 871 quo
1191 781 1414 869 imperativus

152 926 192 976 eo
217 905 357 975 consilio
381 903 492 974 factus
517 905 672 992 videtur,
696 909 735 973 ut
758 925 871 975 sermo
895 906 985 975 inter
1005 926 1041 975 se
1061 905 1273 976 cohaereret
1296 945 1346 955 -
1367 904 1413 974 At

152 1030 228 1098 iure
247 1035 365 1101 nostro
385 1050 506 1099 rursus
525 1029 618 1099 tueri
636 1029 793 1099 videmur
811 1050 878 1099 vss.
900 1033 962 1101 43.
984 1051 1011 1099 s.

361 1240 488 1329 Quodsi
508 1241 630 1311 Iunoni
650 1261 786 1312 sacrum
805 1239 967 1311 laceretis
986 1260 1123 1310 amarae

414 1366 446 1436 N
449 1389 492 1438 un
511 1366 693 1436 clausisset
712 1385 818 1455 aquas
837 1364 912 1455 ipsa
930 1385 1081 1435 noverca
1100 1385 1180 1434 suas
1195 1405 1258 1453 -,

152 1600 238 1668 quos
258 1579 527 1651 Luettiohannes
547 1586 625 1649 ante
639 1599 688 1649 vn.
708 1583 768 1648 67.
785 1578 857 1648 vult
872 1578 1066 1671 collocatos.
1087 1575 1186 1664 Quod
1201 1577 1292 1647 enim
1311 1580 1414 1665 negat

152 1703 340 1774 Herculem
360 1704 532 1774 exclusum
553 1724 629 1773 esse
648 1725 669 1774 a
686 1702 836 1773 fontibus
855 1707 1108 1792 proptereaque
1127 1702 1346 1772 clausisset
1364 1700 1411 1770 ait

152 1848 335 1920 perperam
353 1849 417 1918 pro
437 1827 650 1898 clauderet
668 1847 744 1897 esse
763 1828 926 1916 positum,
945 1825 981 1896 id
1000 1848 1103 1916 quam
1121 1826 1205 1897 nihil
1223 1824 1339 1897 valeat
1361 1825 1411 1895 in·

154 1953 321 2042 telligitur
340 1973 382 2023 ex
400 1973 449 2023 va.
473 1954 533 2023 23.

245 2174 248 2179 '
363 2162 431 2235 Sed
449 2163 571 2252 procul
589 2163 771 2234 inclusas
790 2163 887 2235 audit
905 2165 1020 2235 ridere
1038 2165 1168 2252 puellas
1190 2204 1235 2215 -

154 2350 188 2412 et
204 2363 246 2412 ex
261 2363 311 2412 vs.
325 2344 384 2411 32.
414 2340 462 2412 Et
476 2341 559 2412 iacit
577 2348 655 2411 ante
674 2338 768 2412 fores
787 2341 893 2411 verba
910 2341 1046 2412 minora
1065 2339 1129 2411 deo
1153 2378 1199 2390 —

154 2598 205 2610 —
224 2578 337 2649 neque
357 2559 446 2627 enim
465 2556 644 2647 quisquam
664 2563 742 2626 ante
761 2560 900 2642 apertas
918 2553 1010 2624 iores
1033 2561 1073 2624 ut
1096 2554 1298 2625 admittatur
1315 2549 1411 2642 flagi·

153 2688 204 2752 tat
223 2722 274 2732 -
293 2688 328 2751 et
346 2701 387 2749 ex
405 2701 454 2749 vs.
477 2682 537 2748 34.

398 2889 561 2963 'Pandite
580 2888 724 2961 defessis
742 2889 878 2978 hospita
895 2886 974 2959 fana
991 2888 1077 2959 viris
1095 2928 1147 2939 —

154 3110 182 3180 si
206 3106 343 3197 quidem
368 3125 454 3193 quae
477 3103 582 3194 pandi
609 3103 767 3175 iubemus
790 3124 830 3173 ea
853 3123 920 3174 non
945 3102 1085 3172 dubium
1108 3107 1162 3171 est
1189 3103 1271 3188 quin
1300 3102 1414 3172 clausa

155 3233 234 3303 sint.
264 3230 362 3319 Quod
385 3237 500 3300 autem
522 3235 625 3316 negat
647 3227 832 3298 Herculem
855 3227 993 3296 Iunonis
1015 3246 1117 3316 posse
1144 3246 1268 3295 nomen
1296 3225 1413 3296 dicere

156 3356 236 3444 quia
255 3355 352 3424 cuius
371 3352 454 3423 deae
474 3351 603 3422 sithoc
622 3349 739 3420 lanum
758 3350 901 3439 nesciat,
926 3350 961 3419 id
980 3350 1010 3420 si
1034 3351 1116 3439 quid
1140 3355 1232 3421 esset
1256 3349 1413 3420 offensio-

156 3479 209 3548 nis
228 3481 331 3548 etiam
350 3476 525 3547 translatis
545 3476 588 3545 iis
608 3474 765 3545 versibus
784 3485 952 3563 maneret,
973 3475 1002 3544 si
1023 3476 1160 3564 quidem
1176 3495 1262 3563 quae
1280 3474 1331 3545 ihi
1351 3475 1415 3545 dea

156 3603 289 3674 colatur
316 3623 359 3672 ne
387 3598 559 3690 sacerdos,
575 3599 713 3686 quidem
740 3597 917 3688 patefacit,
946 3600 1012 3670 etsi
1039 3621 1088 3669 rs.
1117 3603 1176 3670 55.
1211 3598 1413 3687 interdicta,

58 3715 62 3722 ’
156 3727 278 3817 inquit,
298 3727 381 3795 viris
399 3724 581 3795 metuenda
598 3723 674 3812 lege
692 3723 808 3812 piatur
827 3743 913 3811 quae
933 3745 970 3794 se
994 3732 1164 3795 summota
1186 3725 1416 3795 vindicatura

156 3872 246 3922 casa.
276 3851 490 3937 Frustraque
509 3849 570 3935 ait,
595 3848 623 3917 si
646 3855 684 3916 ut
702 3847 796 3918 Deus
816 3850 921 3920 sciret
939 3850 1054 3919 Bonae
1079 3850 1175 3920 Deae
1198 3871 1274 3920 esse
1297 3847 1414 3919 fanum

158 3975 224 4046 hoc
248 3994 382 4063 quoque
406 3973 573 4043 sciturum
598 3991 673 4042 csse
697 3972 837 4042 adeius
862 3994 960 4044 sacra
982 3974 1148 4045 accedere
1171 3974 1255 4045 viris
1280 3994 1348 4044 nun
1371 3973 1413 4042 li-

158 4119 248 4169 cere.
288 4096 374 4168 Oum
403 4096 492 4167 enim
519 4117 596 4166 mox
623 4097 688 4166 etsi
716 4096 846 4168 audivit
877 4098 960 4167 viris
992 4099 1123 4170 aditum
1155 4121 1223 4169 non
1254 4100 1412 4187 permitti

158 4221 250 4292 nulla
267 4221 433 4310 religione
450 4219 646 4309 prohibitus
665 4221 699 4290 ri
717 4222 898 4310 irrumpat,
919 4224 1021 4292 etiam
1040 4225 1135 4312 prius
1153 4230 1193 4294 ut
1211 4224 1412 4297 admittere·

159 4354 217 4417 tur
234 4350 370 4433 poterat
387 4344 542 4436 flagitare
561 4346 626 4415 etsi
646 4351 681 4414 et
701 4367 789 4435 quae
809 4346 873 4416 dea
891 4354 926 4416 et
944 4347 1113 4435 quomodo
1133 4349 1307 4420 coleretur
1326 4351 1411 4422 scie-

157 4469 228 4540 bat.
256 4469 351 4541 Nihil
369 4470 475 4560 igitur
494 4470 701 4559 relinquitur
720 4491 781 4541 cur
804 4471 897 4541 illum
921 4473 1073 4545 nescisse
1096 4479 1254 4564 putemus
1276 4473 1413 4546 Iunonis
