3166 5146
575 210 609 241 ²
681 247 882 312 -77-

144 457 240 553 ⁸satis
271 456 389 526 mirari
412 477 480 525 non
507 476 657 544 possum,
687 477 748 526 333
775 456 862 525 1333
887 456 1028 543 elegiam
1054 457 1096 527 31
1119 458 1217 528 13133
1240 461 1408 549 Apollinis

156 583 287 651 Actiaci
312 579 477 670 referant,
503 600 645 667 quorum
669 600 736 649 non
760 581 863 649 verbo
887 581 1014 651 mentio
1038 581 1221 653 iniiciatur.
1252 586 1406 656 Luettio-

154 705 282 775 bannos
302 727 364 774 nos
383 707 427 774 31
446 704 717 791 Hertzberginm'
740 702 892 793 (Quaest.
913 703 1016 793 Prop.
1037 728 1071 795 p.
1094 711 1154 776 28.
1176 716 1211 778 et
1232 712 1332 797 228),
1354 711 1409 782 hic

154 827 197 897 31
219 828 353 898 Barthii
378 828 495 898 Vitam
518 828 693 916 Propertii
721 830 764 914 (p.
792 827 996 917 LXXXVI.)
1019 829 1166 919 delegat,
1196 831 1251 902 ille
1279 839 1404 923 autem,

153 951 265 1021 Huius
285 954 392 1044 ipsius
411 953 464 1021 rei
483 951 517 1041 (i.
539 972 568 1021 e.
590 951 803 1020 devictorum
821 951 1234 1045 sicambrorum),inquit,
1254 959 1409 1029 meminit

154 1096 291 1163 quoque
310 1076 509 1164 Propertius
529 1074 657 1145 celebri
675 1074 734 1143 illa
753 1075 839 1163 eleg.
863 1079 894 1144 6.
915 1075 997 1144 libri
1018 1080 1065 1165 4.,
1087 1098 1174 1164 quae
1194 1079 1279 1150 3133
1294 1083 1408 1152 novis-

154 1200 274 1268 simam
293 1203 443 1269 continet
461 1199 625 1286 temporis
645 1205 758 1266 notam
781 1199 816 1266 in
836 1198 1011 1285 Propertii
1032 1202 1252 1289 carminibus,
1273 1210 1311 1274 31
1329 1225 1409 1293 pro-

153 1322 267 1393 babile
287 1324 333 1392 sit
351 1323 438 1394 banc
458 1322 601 1411 elegiam
621 1321 676 1389 vel
696 1322 760 1390 boc
780 1321 854 1409 ipso
883 1343 970 1390 anno
996 1323 1046 1391 vel
1068 1325 1129 1393 sub
1150 1323 1251 1395 finem
1270 1348 1408 1415 praeoe-

154 1446 364 1516 1331133331
393 1467 507 1516 mense
526 1444 720 1532 Septembri
750 1445 911 1533 scriptam
936 1466 1022 1533 esse,
1053 1466 1118 1533 quo
1139 1459 1290 1537 tempore
1309 1453 1409 1521 nimi·

155 1592 229 1640 rum
262 1571 351 1641 Ludi
383 1569 648 1658 quinquennales
681 1568 723 1637 ab
760 1573 913 1656 Augusto
947 1570 980 1638 in
1014 1573 1213 1642 memoriam
1247 1574 1410 1645 Actiacae

153 1695 318 1765 victoriae
344 1694 495 1762 instituti
519 1691 682 1761 celebrati
710 1691 806 1761 inere
831 1713 899 1762 sec.
920 1692 1020 1763 Dion.
1044 1694 1139 1764 (lass.
1160 1696 1182 1767 l.
1203 1696 1294 1766 LlV.
1323 1699 1409 1768 Nam

154 1819 267 1906 potuit
289 1816 496 1903 Propertius
524 1822 684 1903 tanquam
712 1828 808 1886 vates
833 1817 935 1885 etiam
963 1816 1004 1886 13
1028 1839 1065 1887 33
1091 1828 1183 1890 33313
1211 1828 1349 1908 sperata
1376 1831 1410 1892 et

155 1940 312 2028 proxime
336 1938 453 2008 lutura
478 1958 620 2008 canere:
645 1939 706 2008 llle
731 1938 911 2026 paludosos
934 1949 1099 2011 memoret
1123 1949 1204 2014 cett.
1229 1943 1324 2031 Quae
1352 1967 1409 2016 res
1447 2035 1453 2041 ¹

156 2064 201 2131 sit
219 2083 317 2131 nemo
335 2081 399 2131 non
425 2062 528 2133 videt.
560 2059 655 2148 Quod
684 2084 771 2131 3333
800 2062 841 2131 13
869 2071 1021 2151 tempore
1051 2066 1123 2135 3133
1147 2068 1307 2138 carminis
1328 2072 1411 2142 33113

155 2184 349 2254 diffidenter
372 2186 541 2271 opinatur,
563 2185 606 2254 11
625 2185 714 2253 31133
730 2206 793 2272 pro
813 2194 908 2256 certo
928 2189 1045 2275 sumit,
1066 2190 1191 2259 tertius
1209 2213 1291 2261 vero
1312 2196 1410 2265 3331

153 2308 264 2395 ipsum
285 2329 421 2378 carmen
440 2309 701 2396 oppugnandum
722 2317 756 2378 et
775 2309 1033 2396 discerpendum
1054 2306 1220 2381 abutitur.
1244 2315 1411 2387 Coniunc-
1517 2316 1519 2321 ’

154 2432 232 2501 11313
252 2430 453 2500 autemillis
472 2436 507 2501 et
526 2430 642 2500 131333
662 2431 863 2518 Propertius
882 2452 949 2501 non
974 2433 1074 2502 modo
1095 2432 1137 2502 31
1156 2433 1267 2525 13133,
1292 2441 1411 2510 33133

154 2555 196 2625 31
216 2554 410 2642 Apollinem
434 2554 569 2642 quidem
593 2553 851 2642 celebrandum,
874 2575 992 2624 verum
1017 2557 1059 2624 31
1084 2559 1230 2628 convivii
1254 2562 1410 2634 hilarita-

154 2686 224 2749 tem
244 2686 279 2748 et
303 2678 451 2766 Augusti
470 2678 632 2747 victorias
659 2676 845 2748 laudandas
864 2680 1087 2766 adhortatur;
1109 2702 1195 2770 quae
1215 2685 1409 2759 adhortatio

123 2839 131 2853 ·
154 2804 188 2873 in
207 2822 305 2873 omne
323 2803 454 2890 pariter
472 2809 607 2889 tempus
628 2801 862 2889 conveniebat,
886 2824 954 2872 333
978 2804 1014 2872 13
1036 2803 1071 2872 11
1094 2807 1322 2900 potissimum,
1343 2834 1409 2901 quo

154 2927 226 2996 ludi
248 2925 298 2995 illi
322 2925 535 3013 Apollinares
558 2924 743 2995 instabant.
768 2924 897 2994 Verum
921 2934 1035 2996 tamen
1055 2928 1110 2997 vel
1132 2930 1175 2999 31
1200 2932 1298 3003 13133
1321 2936 1408 3027 11133,

156 3071 233 3121 cum
261 3049 440 3119 sollemnes
463 3048 602 3117 etstati
626 3056 751 3133 333331,
782 3047 873 3114 omni
899 3055 1052 3135 tempore
1076 3058 1214 3137 poterat
1242 3057 1412 3128 celebran-

157 3175 216 3246 133
235 3172 388 3257 11331331,
408 3170 473 3239 3131
492 3169 580 3240 13313
600 3168 761 3240 Ovidium
780 3175 912 3240 3131333
926 3171 1019 3241 Fast.
1040 3170 1083 3262 V,
1107 3177 1179 3243 597
1186 3232 1192 3246 .

366 3380 553 3452 Sollemnes
571 3380 671 3450 ludos
691 3379 792 3451 Circo
812 3382 996 3466 celebrate,
1017 3382 1190 3470 Quirites!

158 3597 198 3668 13
218 3595 332 3665 113313
351 3592 471 3664 Ultore
491 3595 570 3660 3313
590 3591 681 3676 ipsos
701 3592 774 3662 eius
796 3591 892 3663 ludos
915 3594 1107 3683 scripsisse,
1136 3609 1198 3669 331
1216 3602 1259 3671 31
1277 3603 1410 3676 Μ3133-

158 3720 245 3791 33113
264 3719 330 3787 3113
350 3716 481 3804 agenda
498 3714 562 3803 111,
585 3715 671 3784 253.

313 3937 415 4006 Ferte
435 3936 519 4005 1333
532 3934 653 4006 flores:
673 3936 799 4022 gaudet
812 3934 1012 4010 florentibus
1031 3940 1148 4011 herbis

368 4060 461 4130 Haec
481 4061 566 4130 dea:
588 4062 629 4131 de
648 4067 767 4130 tenero
782 4062 906 4151 cingite
921 4061 1006 4133 flore
1026 4072 1138 4154 caput.
1153 4107 1201 4118 -

158 4242 235 4354 ante
256 4281 424 4353 Calendas
443 4279 589 4349 Martias
608 4281 839 4352 adhortatum.
864 4282 931 4354 Sed
952 4285 1035 4354 satis
1060 4284 1220 4356 deludis.
1247 4285 1407 4376 (131133-

158 4414 284 4497 quatur
311 4405 510 4492 Propertius
534 4412 652 4491 aperte
680 4404 860 4495 profitetur
887 4428 953 4477 333.
984 4411 1042 4477 ll.
1071 4416 1106 4479 31
1136 4414 1194 4481 67.
1220 4413 1342 4501 quibus
1370 4434 1406 4483 se

158 4532 240 4602 dicit
269 4550 405 4600 causam
431 4528 525 4599 33113
549 4528 715 4617 Apollinis
739 4528 885 4600 Palatini
910 4532 1092 4618 explicare.
1122 4535 1241 4624 Neque
1266 4542 1318 4606 est
1346 4557 1408 4605 cur
