3166 5146
681 258 731 303 ·-
764 215 889 345 ovs-

156 462 245 554 1111,
259 464 363 553 8,13.
376 484 422 533 ss.
444 463 539 552 Ergo
559 483 620 551 ego
640 468 710 532 tam
730 465 856 534 multos
876 464 1017 534 nimium
1037 464 1243 536 temerarius
1262 486 1379 570 annos»,

392 587 553 675 Improba
571 587 629 676 qui
648 586 784 657 tulerim
802 594 904 676 teque
926 595 1085 677 tuamque
1104 588 1252 678 domum,
1266 615 1280 662 .·

238 731 241 740 “
339 711 569 799 Ecquandone
587 709 652 781 tibi
669 710 761 781 liber
780 733 854 782 sum
873 713 993 784 visus?
1013 752 1064 763 -

156 895 192 958 et
217 888 263 972 ΙΙ,
291 892 325 978 9,
350 892 410 959 25.
440 888 535 958 Haec
554 888 637 957 mihi
656 893 737 981 vota
756 896 850 958 tuam
870 897 1015 978 propter
1034 896 1194 979 suscepta
1212 848 1390 983 salutem,¹

328 1118 332 1125 .
394 1009 479 1082 Cum
490 1013 602 1100 eapite
613 1011 678 1082 hoc
689 1011 827 1102 Stygiae
837 1013 1122 1102 iampoterentur
1133 1035 1314 1103 aquae-3

156 1198 191 1263 et
208 1192 254 1283 H,
277 1195 338 1281 21,
358 1193 415 1261 19.
436 1187 510 1259 Nos
530 1210 733 1280 quocunque
753 1191 840 1278 loco,
860 1210 920 1260 nos
940 1190 1031 1260 omni
1050 1194 1207 1279 tempore
1226 1197 1341 1262 tecum

392 1313 469 1385 Sive
488 1334 596 1403 aegra
613 1315 746 1402 pariter
766 1315 838 1384 sive
856 1314 992 1384 valente
1012 1334 1129 1384 sumus
1150 1353 1209 1384 -.

154 1527 229 1599 Nec
256 1528 420 1600 dissimile
449 1532 514 1616 est,
546 1528 636 1616 quod
665 1527 692 1615 1,
717 1531 776 1617 11,
800 1532 859 1598 21.
882 1549 909 1599 s.
940 1528 1005 1599 sibi
1035 1527 1222 1618 Cynthiam
1250 1525 1421 1597 cariorem

155 1673 257 1743 quam
275 1657 440 1741 parentes
459 1651 507 1722 ait
527 1671 615 1739 esse,
634 1635 819 1741 postquam
839 1658 917 1721 ante
941 1672 1007 1721 non
1027 1656 1096 1721 tam
1116 1650 1238 1722 violari
1257 1649 1358 1736 fidem
1378 1648 1421 1720 ab

154 1777 213 1848 illa
231 1761 334 1866 quam
352 1797 387 1847 se
408 1795 450 1845 ne
468 1775 659 1846 violaretur
681 1780 837 1845 metuere
862 1773 1060 1845 declaravit.
1098 1774 1263 1864 Idemque
1286 1793 1323 1844 se
1347 1792 1421 1844 ser-

155 1905 313 1973 vaturum
327 1899 429 1972 fidem
448 1906 637 1989 asseverat,
656 1905 840 1990 postquam
855 1919 899 1970 ne
914 1896 1101 1969 Caesarem
1115 1899 1254 1987 quidem
1267 1896 1311 1968 ad
1325 1917 1422 1969 suam

158 2026 384 2097 constantiam
403 2024 589 2095 tollendam
610 2025 696 2094 satis
715 2023 829 2094 valere
848 2021 1036 2094 affirmavit
1053 2022 1103 2111 ΙΙ,
1122 2025 1156 2111 7,
1180 2026 1215 2093 7.
1237 2042 1264 2093 s.

338 2200 424 2273 Nam
444 2201 545 2272 citius
563 2207 703 2290 paterer
724 2204 828 2291 caput
846 2199 912 2269 hoo
932 2198 1108 2269 discedere
1129 2196 1227 2285 collo,

392 2325 500 2412 Quam
520 2345 654 2413 possem
674 2328 801 2411 nuptae
820 2321 968 2409 perdere
987 2340 1106 2389 amore
1124 2316 1234 2406 faces3

153 2510 190 2575 at
213 2518 369 2571 servasse
393 2496 484 2575 olim,
513 2502 693 2585 postquam
717 2493 899 2584 perfidiam
923 2494 989 2565 sibi
1013 2515 1033 2564 1
1058 2493 1209 2583 Cynthia
1231 2492 1333 2565 obiici
1352 2515 1422 2564 me·

108 2680 112 2685 .
152 2623 314 2710 moravit,
333 2621 380 2711 ΙΙ,
403 2624 464 2708 20,
487 2624 525 2706 93
554 2631 737 2708 postquam
760 2619 887 2688 aemuli
912 2618 954 2688 de
973 2615 1040 2688 fide
1059 2617 1275 2706 (1111111111,
1297 2621 1359 2709 25,
1382 2621 1421 2706 9;

153 2749 215 2820 ubi
232 2749 307 2838 ipse
325 2745 405 2815 fidei
424 2751 460 2815 et
478 2743 588 2814 amori
606 2743 823 2813 renunciavit
842 2742 905 2832 ΙΙΙ,
924 2745 985 2830 25,
1005 2742 1051 2812 11.
1081 2740 1149 2812 Sed
1169 2749 1285 2814 tamen
1300 2749 1354 2814 est
1370 2743 1422 2814 lo-

155 2893 217 2944 cus
238 2871 320 2942 huic
344 2871 420 2941 loco
444 2867 627 2939 admodum
650 2865 772 2937 similis
800 2866 829 2956 I,
851 2870 886 2956 8,
909 2869 984 2955 21.,
1013 2864 1075 2937 ubi
1098 2866 1165 2935 etsi
1187 2866 1231 2936 de
1256 2886 1298 2937 ea
1320 2887 1424 2957 quam

153 3000 354 3067 servaturus
374 2995 420 3064 sit
438 2991 519 3081 fide,
537 3013 604 3063 non
624 2991 846 3079 decoquam
870 2991 1020 3061 servarit
1041 2991 1210 3080 loquitur:

339 3189 429 3263 Nam
448 3210 503 3261 me
521 3209 587 3259 non
606 3186 698 3257 ullae
716 3190 880 3277 poterunt
899 3206 1123 3276 corrumpere
1143 3185 1263 3258 111111

392 3311 481 3400 Quin
500 3334 562 3402 ego
581 3313 653 3384 vita
672 3322 730 3385 tuo
748 3312 864 3384 limine
882 3333 967 3383 vera
986 3333 1113 3403 querar
1132 3316 1214 3383 cett.
1236 3350 1287 3362 -

156 3509 285 3598 excipit
302 3513 417 3579 tamen
437 3508 522 3578 haec
539 3504 620 3578 fidei
644 3507 852 3578 asseveratio
876 3507 1020 3576 similem
1044 3506 1253 3594 ignoscentis
1273 3506 1421 3579 clemen·
1501 3498 1503 3500 ’

156 3634 270 3724 tisque
289 3633 394 3704 animi
413 3631 694 3704 declarationem:
1361 3649 1363 3652 ·

254 3830 313 3898 17.
341 3827 415 3899 Sed
427 3847 630 3918 quocunque
649 3826 748 3897 modo
767 3827 810 3897 de
828 3847 895 3910 me,
915 3825 1068 3914 periura,
1087 3823 1245 3912 mereris,

396 3949 450 4021 Sit
470 3950 615 4024 Galatea
633 3957 715 4021 tuae
734 3970 800 4021 uon
819 3950 930 4020 aliena
948 3949 1037 4037 viae,

236 4090 238 4094 ’
343 4075 390 4147 Ut
408 4082 443 4145 11
461 4074 554 4146 111111
573 4080 759 4165 praevecta
778 4070 950 4144 Ceraunia
968 4091 1064 4142 remo

394 4199 558 4287 Accipiat
574 4189 720 4289 placidis
740 4197 864 4270 Oricos
882 4196 1089 4286 aequoribus
1109 4234 1159 4245 —

157 4401 196 4466 11
213 4416 302 4466 unus
319 4394 415 4464 locus
434 4393 545 4465 altero
565 4393 607 4463 ab
628 4394 719 4465 omni
739 4391 936 4481 suspicione
956 4392 1040 4463 satis
1057 4388 1273 4472 defendatur.
1293 4389 1342 4460 At
1360 4406 1422 4477 per

159 4518 434 4610 desperationem
452 4538 473 4588 a
491 4514 637 4607 perfidia
654 4518 697 4589 ad
716 4515 818 4588 fidem
838 4517 1007 4588 transitur
1025 4515 1071 4606 H,
1094 4519 1128 4606 9,
1152 4516 1214 4588 38.
1233 4534 1278 4585 ss.

1193 4651 1210 4700 v
