3166 5146
588 257 797 326 „43-

57 484 123 535 nec
142 483 220 535 cum
236 464 324 536 urbe
338 464 405 536 alia
419 471 639 556 comparetur
658 474 788 538 etcum
807 466 898 537 omni
916 467 1000 539 orbe
1015 473 1189 541 terrarum
1205 491 1325 560 supcr-

56 587 166 659 lativo
194 589 380 678 maxime,
413 609 479 659 non
507 590 740 679 comparativo
768 589 876 661 fuerit
903 592 1148 682 comparanda3
1178 600 1215 665 et
1240 594 1327 666 illud

57 732 185 803 parum
202 714 364 803 perspici,
385 733 452 804 quo
472 713 616 785 consilio
631 713 837 803 Propertius
853 715 992 787 Troiam
1011 716 1065 788 dis
1085 712 1242 790 secundis
1260 718 1327 789 Pe-

58 843 157 906 nates
175 857 259 907 suos
287 837 322 907 in
345 836 481 907 Italiam
510 837 603 908 dicat
632 838 782 928 misisse,
812 859 890 910 cum
914 840 1097 912 ostendere
1125 843 1266 914 studeat
1284 865 1326 914 ex

57 960 216 1049 parvulis
242 961 351 1032 initiis
379 966 414 1030 et
441 959 598 1032 aedilicia
621 968 656 1032 et
683 982 781 1033 sacra
804 963 960 1034 Romana
988 965 1327 1054 magnificentissime

59 1091 163 1154 aucta
181 1105 269 1156 esse.
292 1085 415 1172 Neque
440 1085 529 1155 enim
555 1105 630 1155 cum
654 1084 782 1157 Iacobo
805 1094 899 1157 recte
922 1089 1029 1159 statui
1047 1089 1185 1161 Troiam
1205 1090 1275 1163 dici
1293 1094 1327 1162 in

58 1217 191 1279 terram
215 1214 286 1280 tam
314 1209 406 1280 bello
433 1210 604 1279 valentem
633 1209 720 1279 bene
748 1208 958 1300 confugisse,
986 1213 1068 1301 quia
1095 1235 1157 1285 uec
1186 1215 1328 1287 bellicae

58 1332 291 1405 Romanorum
318 1335 467 1404 virtutes
495 1333 661 1422 proximis
688 1334 847 1405 versibus
876 1335 1117 1407 describantur
1145 1359 1257 1429 neque
1286 1360 1328 1411 ea

29 1426 35 1446 ⁶
60 1459 234 1529 sententia
252 1480 329 1530 cunr
348 1457 523 1547 Propertii
542 1458 685 1530 consilio
705 1465 890 1549 congruat3
914 1481 979 1531 nec
996 1461 1179 1533 Krahuero
1197 1463 1327 1551 (Philo-

59 1583 132 1671 log.
170 1583 236 1653 vol.
265 1580 413 1654 XXVII.
451 1602 485 1671 p.
513 1583 575 1671 64)
612 1601 692 1653 vere
716 1581 825 1653 videri
849 1583 956 1656 Urbis
987 1584 1258 1675 magnitudinem
1287 1609 1329 1658 ex

58 1708 209 1797 pristina
227 1706 447 1794 simplicitate
467 1713 502 1775 et
521 1706 665 1776 deorum
688 1705 913 1777 Troianorum
933 1707 1165 1800 Iuliorumque
1190 1713 1328 1783 numine

58 1831 198 1917 deduci,
227 1830 389 1916 quoniam
418 1850 485 1901 non
514 1829 637 1919 quibus
665 1830 778 1900 causis
798 1850 880 1919 opes
907 1831 1082 1903 Romanae
1112 1841 1247 1906 tantum
1266 1836 1328 1907 ad-

60 1961 186 2025 auctae
210 1952 291 2042 sint,
325 1953 386 2024 sed
406 1954 569 2025 adauctas
594 1974 669 2024 csse
694 1961 900 2043 exponatur.
927 1954 1024 2044 Quae
1045 1960 1158 2028 omnia
1177 1980 1246 2030 non
1264 1956 1330 2030 dif-

60 2077 152 2149 ficile
172 2079 310 2150 videtur
328 2078 473 2149 diluere.
493 2077 581 2147 Nam
600 2078 677 2148 huc
700 2072 874 2160 δεικτικῶς
900 2080 1052 2169 positum
1075 2083 1196 2153 eodem
1228 2084 1329 2154 modo

61 2203 106 2274 ad
124 2204 269 2273 Romam
289 2200 507 2273 referendum
527 2206 704 2291 astatque
724 2203 798 2273 hoc
817 2203 854 2273 in
872 2225 924 2274 vs.
945 2208 976 2274 1.
998 2204 1151 2277 ethaeo
1171 2207 1206 2276 in
1221 2229 1272 2278 vs.
1294 2213 1327 2280 3.

59 2336 96 2398 et
115 2326 208 2400 hino
226 2326 260 2395 in
274 2348 307 2398 v.
327 2329 401 2414 31,
419 2346 506 2415 quae
525 2326 640 2398 omnia
658 2326 929 2399 demonstrativa
947 2327 1026 2397 ideo
1046 2336 1221 2416 ponuntur
1239 2332 1330 2419 quod

59 2451 208 2523 dicentis
226 2451 323 2522 locus
343 2448 568 2539 significatur.
589 2449 737 2520 Melius
755 2458 872 2518 autem
888 2469 966 2520 cum
981 2449 1118 2539 dicitur,
1135 2471 1204 2520 non
1219 2451 1326 2523 Roma

60 2598 175 2666 neque
194 2597 274 2648 cum
292 2577 379 2647 urbe
398 2576 465 2648 alia
484 2596 547 2647 uec
567 2596 646 2646 cum
665 2576 757 2646 omni
784 2575 867 2647 orbe
890 2573 1079 2665 confertur,
1103 2578 1163 2650 sed
1187 2578 1217 2649 is
1236 2600 1329 2650 com-

61 2706 242 2795 parativus
261 2726 337 2776 cum
360 2702 557 2794 profugos
581 2704 840 2793 coniungendas
865 2710 930 2792 est,
956 2711 995 2773 ut
1017 2702 1166 2776 Penates
1190 2703 1330 2775 Troiani

60 2828 258 2920 profugisse
276 2829 401 2899 melius
420 2850 524 2918 quam
539 2829 663 2901 Troiae
682 2829 849 2900 mansisse
868 2828 1037 2900 dicantur.
1054 2827 1221 2900 Similiter
1238 2828 1331 2899 idem

62 2954 269 3026 vocabulum
297 2974 375 3026 cum
404 2954 574 3026 attributo
603 2954 658 3025 vel
686 2954 845 3043 apposito
873 2954 1026 3042 iungitur
1053 2953 1179 3024 Horat.
1206 2952 1245 3025 O.
1266 2953 1328 3043 Ill,

66 3081 102 3167 3,
124 3081 187 3148 49.
209 3099 237 3148 ε.
259 3079 395 3149 Aurum
413 3079 624 3166 irrepertum
647 3086 683 3144 et
707 3076 756 3145 sic
778 3075 900 3145 melius
924 3075 1028 3145 situm
1052 3074 1139 3146 Cum
1159 3083 1255 3147 terra
1273 3098 1328 3148 ce·

62 3203 125 3289 lat,
145 3220 310 3290 spernere
330 3199 467 3273 fortior.
488 3199 703 3270 Manentes
727 3206 842 3268 autem
862 3219 905 3268 ex
928 3198 1128 3289 profugos
1153 3220 1222 3270 non
1242 3199 1330 3271 diffi-

64 3326 166 3398 cilius
184 3325 391 3413 intelligitur
411 3344 512 3413 quam
532 3323 840 3394 innumerabilibus
857 3323 925 3393 illis
940 3325 1039 3413 locis,
1055 3324 1114 3395 ubi
1133 3345 1222 3396 unus
1237 3345 1330 3396 com-

64 3451 245 3542 parativus
263 3449 403 3538 dicitur,
423 3447 571 3518 alterum
589 3455 628 3518 ut
647 3446 776 3519 addant
788 3447 981 3537 legentibus
995 3449 1215 3539 relinquitur,
1237 3450 1328 3521 utin

64 3577 140 3666 ipso
158 3573 218 3645 illo
236 3572 427 3643 Horatiano
446 3590 562 3642 versu.
577 3570 653 3642 Nec
671 3570 756 3641 mihi
776 3570 917 3642 dubium
931 3570 1079 3662 videtur,
1097 3573 1127 3643 si
1141 3572 1176 3644 id
1191 3573 1330 3645 omnino

64 3700 187 3790 quaeri
207 3704 357 3787 oportet,
385 3717 449 3768 cur
472 3694 597 3785 quibus
626 3695 740 3767 causis
767 3716 824 3766 res
844 3694 1018 3766 Romanae
1040 3695 1252 3767 increverint
1271 3718 1330 3768 ex·

64 3829 222 3915 ponatur.
244 3820 332 3894 Cum
351 3822 441 3891 enirn
460 3819 639 3906 Romulus,
659 3839 762 3908 quem
779 3819 862 3909 lupa
880 3818 1068 3908 significari
1087 3823 1245 3907 apertum
1264 3827 1329 3910 est,

64 3969 132 4020 non
155 3945 339 4037 pudendus
366 3944 470 4017 Urbis
498 3944 659 4016 conditor
688 3951 780 4015 esset
808 3943 933 4035 dictus,
963 3943 1213 4015 ostendendum
1242 3950 1330 4034 erat,

27 4040 30 4047 Ι
65 4093 129 4145 cur
148 4071 223 4142 eius
241 4091 310 4141 non
332 4068 479 4159 puderet
497 4089 635 4158 quoque
656 4066 714 4137 ille
733 4069 845 4156 modo,
870 4069 1026 4159 quamvis
1049 4067 1159 4157 ipsius
1177 4087 1261 4156 opes
1279 4069 1332 4138 in-

63 4195 283 4268 firmissimae
303 4200 430 4284 essent,
446 4193 632 4281 plurimum
645 4199 760 4264 tamen
779 4192 823 4264 ad
842 4199 1000 4281 posteras
1016 4213 1100 4281 opes
1114 4191 1329 4265 contulisset.

62 4319 117 4393 Ob
137 4320 172 4391 id
192 4320 306 4409 ipsum
324 4339 387 4408 per
410 4337 489 4389 eum
507 4326 541 4388 et
561 4339 638 4389 cum
659 4336 700 4388 eo
721 4317 816 4387 Deos
835 4316 1001 4388 Troianos
1020 4315 1170 4407 fatisque
1187 4318 1334 4406 promis·¹

66 4465 140 4517 sam
170 4441 439 4534 magnitudinem
466 4442 604 4530 imperii
631 4441 775 4513 Romam
811 4441 1015 4514 translatam
1047 4447 1232 4531 narratur,
1266 4463 1333 4531 qua
