3166 5146
638 233 900 300 .-...53..

270 443 359 514 Nam
379 444 462 534 quid
482 464 545 533 ego
565 442 723 514 adiiciam
739 442 782 513 de
798 461 865 531 quo
880 441 965 510 mibi
985 441 1133 510 maxima
1152 438 1326 535 somnust,

323 568 515 643 Hortorum
535 567 749 640 inmanibus
765 566 854 636 dona
872 565 1020 659 probata
1039 564 1152 635 meis?
1301 651 1304 663 Ι

272 690 459 762 Caeruleus
479 690 630 760 cucumis
648 688 850 778 tumidoque
868 687 1048 765 cucurbita
1067 669 1201 758 ventre¹
1259 674 1262 679 ¹

322 815 383 885 Me
403 819 499 885 notat
518 820 552 884 et
570 813 675 884 iunco
695 811 850 883 brassica
870 812 985 883 vincta
1003 786 1071 881 levi
1085 788 1109 880 τΔ

270 939 342 1011 Nec
361 938 424 1009 lios
443 941 534 1010 ullus
554 941 625 1010 hiat
646 939 768 1027 pratis,
790 937 871 1026 quin
890 936 948 1006 ille
968 921 1133 1006 decenter

322 1062 512 1151 Impositus
531 1060 637 1132 fronti
655 1060 819 1150 langueat
838 1066 916 1128 ante
937 1077 1046 1128 meae.
1064 1097 1115 1108 -

162 1285 202 1347 ut
220 1283 299 1346 aute
318 1277 387 1346 iam
410 1274 624 1346 Schraderus
649 1282 684 1345 et
707 1273 962 1360 Lachmannus
988 1294 1134 1363 cumque
1158 1275 1214 1344 hic
1239 1276 1367 1347 nullum
1391 1279 1434 1349 iis

149 1408 298 1471 certum
320 1401 431 1471 locum
457 1400 620 1487 vindicet,
645 1399 708 1475 ,ille
730 1419 790 1470 eos
817 1402 899 1487 post
921 1419 971 1468 ιε.
998 1402 1056 1469 18,
1082 1399 1242 1487 collocet.
1264 1401 1337 1488 ipse
1355 1409 1435 1490 post

162 1546 212 1595 vs.
243 1529 301 1595 12.
327 1524 506 1595 transfert.
533 1523 690 1612 Namque
714 1523 780 1611 bic,
811 1524 935 1612 inquit,
963 1543 1026 1592 cur
1050 1524 1231 1623 hortorum
1260 1524 1435 1595 cultorum

163 1651 346 1720 maximam
366 1650 432 1719 sibi
451 1648 577 1719 famam
598 1668 673 1718 esse
693 1647 863 1736 gloriatur
882 1646 1116 1741 Vertumnus?
1139 1668 1181 1718 au
1201 1656 1240 1718 ιιι
1259 1627 1434 1738 sirpiculis
1491 1690 1495 1697 ·

162 1775 276 1844 medio
299 1774 444 1862 pulvere
468 1793 567 1842 rosas
595 1792 632 1847 se
660 1768 754 1861 ferre
782 1790 887 1861 posse
914 1770 1156 1841 ostendat?t
1120 1778 1156 1841 at
1178 1775 1307 1843 ceteris
1330 1775 1434 1846 huius

137 1900 309 1985 ··generis
321 1899 391 1968 dist
392 1898 480 1968 icbis
499 1897 704 1968 documenta
726 1915 793 1966 uon
813 1894 966 1966 addidit:
989 1917 1053 1966 cur
1070 1897 1150 1967 buic
1170 1898 1328 1968 adiunxit
1314 1905 1435 2015 tquae

164 2043 208 2092 ne
228 2023 449 2093 convenirent
468 2020 647 2113 quidem
622 2020 763 2091 omnino
781 2019 824 2088 iu
836 2019 933 2089 rem?
952 2040 1031 2088 uam
1049 2041 1103 2089 vv
1120 1989 1187 2090 45.
1209 2041 1257 2111 sq.
1280 1998 1436 2111 exempla

164 2147 279 2234 potius
307 2144 402 2213 illum
433 2143 556 2215 afferre
588 2142 827 2221 demonstrant
858 2140 952 2212 fruet
938 2150 1035 2235 tuum
1067 2144 1103 2213 in
1137 2165 1236 2214 suum
1267 2137 1434 2219 bonorem

162 2275 440 2358 praeceptorum,
461 2268 503 2338 de
522 2267 577 2337 his
596 2274 710 2337 autern
732 2269 800 2337 iam
821 2288 873 2334 vv.
894 2272 952 2336 11.
974 2288 1047 2356 sqq.
1071 2269 1176 2339 verba
1195 2268 1290 2355 lacit.
1312 2249 1433 2343 simili·

162 2400 286 2480 terque
315 2391 397 2479 quid
431 2389 534 2460 fama
566 2390 609 2459 de
640 2390 718 2477 ipso
752 2393 894 2476 eiusque
927 2392 1065 2459 nomine
1098 2391 1263 2459 statuerit
1295 2374 1436 2465 enarrat

163 2537 212 2585 vs.
238 2519 279 2584 ll
304 2555 356 2564 —
377 2516 438 2584 20.
465 2513 634 2601 simulque
659 2521 698 2582 ut
721 2513 921 2584 testimonia
943 2512 1078 2582 fructus
1106 2511 1172 2582 sibi
1196 2512 1320 2583 allatos
1344 2535 1435 2584 com-

164 2643 399 2707 memorat.·—
410 2635 553 2707 Omnem
565 2637 899 2726 argumentationem
910 2636 1003 2706 trahi
1016 2636 1171 2706 videmus
1182 2656 1225 2706 ex
1238 2635 1352 2707 fama.
1366 2637 1434 2709 Sed

161 2782 224 2831 nec
244 2781 330 2850 quae
351 2762 398 2831 sit
416 2762 458 2831 de
477 2762 613 2831 nomine
625 2760 818 2861 Vertumni
836 2759 928 2831 lama
947 2761 1069 2850 (utus.
1095 2763 1152 2830 19.
1174 2761 1325 2832 Mendax
1343 2761 1435 2834 fama

162 2888 278 2974 noces)
297 2885 470 2956 indicatur
488 2863 600 2976 neque
619 2887 802 2956 hortorum
826 2883 917 2954 fama
939 2885 993 2954 vel
1016 2877 1128 2972 gloria
1150 2893 1374 2976 memoratur,
1396 2896 1435 2959 ut

162 3031 261 3081 rosas
282 3031 383 3096 posse
402 3008 495 3079 ferre
514 3009 687 3096 sirpiculis
706 3014 889 3095 appareat3
910 2991 1029 3076 verum
1049 3014 1196 3076 restam
1216 3009 1360 3098 simplex
1381 3019 1435 3081 est

163 3139 293 3202 ιιιιιοιι
317 3129 418 3200 focile
440 3151 645 3221 quemquam
668 3130 791 3219 fugiat,
817 3130 967 3218 quinon
991 3129 1033 3200 de
1059 3129 1206 3202 indust
1162 3137 1230 3200 trra
1253 3133 1408 3202 nodum
1398 3155 1433 3202 ιιι

163 3257 279 3347 scirpo
308 3261 464 3357 quaerat.
438 3252 774 3333 Vertumnus
735 3261 774 3323 u
784 3261 1023 3373 opportunam
1049 3275 1148 3326 suam
1172 3275 1247 3326 esse
1274 3263 1433 3327 naturam

162 3381 319 3451 omnibus
338 3377 458 3466 figuris
478 3378 612 3475 doceat,
633 3364 719 3479 quot
738 3399 908 3493 quamque
922 3367 1036 3449 varias
1038 3355 1197 3499 figuras
1203 3380 1330 3453 habeat
1349 3373 1438 3453 eun-⁹

163 3510 283 3575 ruerat.
305 3503 488 3574 Nonnullis
507 3503 667 3602 simplicit
668 3524 706 3573 er
726 3484 926 3574 memoratis
946 3488 1013 3605 iam
1033 3498 1301 3593 occupatione
1321 3508 1432 3576 unitur

164 3650 265 3718 quam
290 3628 374 3699 dicit
360 3636 478 3698 ttauc
480 3648 519 3699 or
463 3620 717 3730 tlibrorum
733 3627 776 3707 ad
802 3599 1018 3734 Herennium
1041 3616 1109 3713 lV,
1129 3619 1190 3714 26,
1213 3604 1292 3698 37..
1319 3629 1432 3700 Occu·

163 3754 258 3843 patio
278 3760 333 3823 ost
351 3773 428 3824 cum
447 3754 596 3824 dicimus
615 3771 677 3821 nos
696 3716 890 3841 praeterire
909 3759 969 3822 aut
992 3771 1059 3822 non
1083 3741 1173 3822 scire
1197 3759 1258 3822 aut
1274 3752 1365 3822 nolle
1384 3752 1434 3822 di-

164 3898 244 3949 cere
273 3876 333 3965 id,
341 3875 452 3967 quod
462 3884 545 3969 tunc
568 3877 715 3964 maxime
738 3874 896 3951 dicimus.
925 3875 965 3946 Iu
993 3896 1061 3981 qua
1087 3873 1200 3964 ligura
1228 3872 1450 3988 Seyffertius.

124 4048 138 4071 2
162 4000 295 4095 (Schol
313 3999 465 4083 Latini
469 4021 532 4090 ‚p
551 3999 631 4092 30.)
656 3999 812 4095 ostendit
796 4005 921 4071 tuam
945 3979 995 4111 ito
1018 3992 1098 4088 dici,
1123 4005 1174 4070 ιιι
1180 3999 1210 4071 si
1238 3999 1296 4088 qui
1326 4012 1432 4090 quae-

135 4132 265 4213 crant,
274 4145 352 4203 cur
357 4145 415 4194 res
433 4144 501 4195 uon
524 4126 644 4221 prius
647 4129 846 4226 memorata
865 4126 922 4213 sit,
947 4104 991 4195 iis¹
1013 4132 1230 4195 occurratur.
1253 4124 1353 4215 Er‘go
1372 4146 1435 4215 per

131 4295 134 4299 -
163 4249 425 4339 occupationem
450 4268 499 4319 vs.
531 4253 593 4319 41.
600 4268 732 4351 noras
745 4245 884 4343 figuras
907 4217 1045 4338 profert
1072 4269 1158 4372 quas
1181 4246 1346 4322 decenter
1368 4249 1432 4321 ba-

153 4375 255 4461 beat,
280 4381 320 4444 ut
305 4371 493 4447 Tibullus
512 4373 562 4443 art
581 4371 643 4444 IV
667 4378 701 4463 2,
726 4375 784 4480 13.
807 4393 835 4442 ε.
952 4452 955 4459 J
