3166 5146
676 397 680 403 ἱ
756 346 807 357 -
840 309 884 378 18
914 346 965 358 -

333 517 400 590 Hie
417 519 477 589 uhi
495 523 567 589 tam
585 538 687 589 rarae
705 538 774 590 θοθ
792 519 885 608 perit
904 518 990 590 hora
1008 540 1124 591 morae
1144 559 1193 573 —

227 713 277 784 sio
295 712 572 807 aecipioportet‚
592 720 727 785 utnon
746 713 862 802 perit
880 713 925 783 sit
943 734 1020 784 non
1038 711 1201 786 frustra
1220 718 1297 806 est,
1318 715 1377 787 sed
1398 737 1495 806 ope-

227 856 295 907 rae
319 842 383 908 est
403 837 598 929 pretium,
628 837 727 909 hora
748 843 829 909 tam
856 857 977 909 rarae
1006 859 1142 910 morae
1166 838 1320 929 dicatur,
1345 840 1434 930 quod
1459 847 1496 912 et

226 980 306 1031 raro
330 979 370 1033 eo
396 959 565 1050 homines,
595 961 728 1032 seilicet
754 961 790 1031 iu
818 961 1054 1033 anniversario
1082 962 1142 1033 illo
1171 981 1287 1052 sacro,
1317 963 1434 1034 venire
1458 971 1495 1035 et

226 1088 304 1156 cum
321 1084 479 1156 venerint
497 1104 563 1155 θοθ
581 1082 652 1174 diu,
673 1084 734 1156 sed
751 1084 872 1156 horam
891 1105 1032 1156 manere
1052 1085 1198 1165 soleant.
1228 1085 1316 1157 Nam
1336 1087 1386 1158 sio
1405 1087 1494 1158 diei-

226 1214 285 1279 tur
302 1208 416 1298 perire
438 1208 481 1281 ab
502 1206 625 1281 ovidio
643 1209 742 1280 Rem.
763 1211 840 1280 Am.
864 1211 949 1281 107.
975 1209 1010 1280 si
1033 1215 1147 1280 tamen
1170 1209 1290 1280 auxilii
1315 1211 1494 1299 perierunt

179 1414 182 1421 ¹
225 1337 383 1421 tempora
400 1331 514 1423 primi.
534 1333 623 1403 Item
641 1330 763 1403 haeret
781 1333 816 1401 in
835 1352 885 1404 vs.
908 1335 984 1421 23„
1009 1332 1067 1403 ubi
1091 1339 1145 1403 est
1164 1352 1245 1404 sane
1265 1333 1395 1425 aliquid
1414 1354 1493 1405 cor·

224 1462 363 1545 ruptum
387 1456 421 1527 in
445 1455 636 1545 codicibus²
664 1454 707 1526 de
730 1456 853 1546 quibus
876 1455 1143 1546 Neapolitanus:
1168 1455 1361 1546 Sirigauam
1385 1463 1491 1547 tacto,

227 1575 483 1669 Groninganus:
509 1579 629 1653 Serica
647 1599 725 1650 nam
749 1586 849 1670 capto
868 1617 920 1632 -·
938 1579 1058 1668 habet3
1083 1580 1118 1650 id
1142 1581 1254 1670 ipsum
1278 1588 1395 1651 tamen
1418 1582 1491 1670 pri·

119 1732 122 1739 ·
226 1702 304 1774 dem
325 1702 374 1774 sio
394 1709 589 1775 correctum
604 1710 672 1774 est:
698 1701 816 1773 Serica
835 1723 912 1774 nam
930 1708 1029 1775 taceo
1052 1704 1139 1774 volsi
1158 1711 1326 1794 carpenta
1343 1706 1490 1795 nepotis.

225 1825 277 1897 De
302 1824 470 1917 Cynthiae
493 1825 648 1897 moribus
670 1803 793 1898 rursus
820 1826 999 1916 respondit
1023 1826 1309 1898 Luettiohannes.
1333 1827 1385 1900 Ao
1409 1848 1488 1918 pro·

169 1972 174 1983 ·
224 1945 328 2040 fecto,
351 1950 585 2038 cuiuscunque
604 1970 680 2020 eam
704 1950 835 2021 ordinis
856 1948 964 2021 fuisse
988 1951 1223 2022 existimamus
1244 1951 1377 2022 -hoo
1400 1953 1490 2022 enim

219 2074 301 2165 jure
319 2073 507 2163 ambigitur
529 2113 574 2163 ε-
594 2093 705 2162 neque
723 2074 832 2163 ipsius
857 2093 919 2145 neo
938 2074 1070 2145 saeculi
1091 2075 1184 2144 illius
1212 2095 1253 2145 ea
1272 2081 1349 2145 erat
1367 2076 1490 2146 sancti-

223 2197 348 2288 monia,
373 2217 459 2287 quae
482 2196 525 2267 ab
548 2180 592 2267 iis
615 2215 703 2285 quae
725 2196 782 2267 hie
811 2203 997 2268 narrantur
1020 2197 1234 2269 abhorreret.
1256 2198 1373 2287 Atque
1397 2199 1487 2270 idem

224 2317 438 2411 Lygdamum
457 2327 704 2392 commemorat
722 2321 778 2390 vix
796 2320 897 2390 unius
920 2318 1089 2410 Cynthiae
1109 2320 1168 2392 sed
1189 2322 1293 2392 etiam
1312 2320 1484 2411 Propertii

225 2465 359 2516 servum
377 2443 483 2516 fuisse
505 2444 628 2534 videri,
653 2443 777 2515 collato
795 2443 858 2533 111,
882 2448 930 2533 6.,
956 2444 1017 2514 ubi
1039 2445 1096 2515 hic
1115 2445 1164 2515 illi
1187 2444 1387 2515 libertatem
1406 2466 1484 2535 pro-

224 2569 340 2640 mittit.
365 2565 473 2640 Nobis
496 2589 553 2638 res
576 2569 625 2639 ita
652 2589 689 2638 se
710 2567 872 2638 habuisse
895 2567 1046 2656 videtur,
1072 2574 1110 2638 ut
1132 2567 1190 2639 ille
1214 2566 1384 2658 Cynthiae
1404 2568 1488 2665 dum

224 2690 360 2762 adesset
381 2691 603 2780 ministrarat,
628 2691 763 2762 domino
787 2697 901 2761 tamen
924 2691 1110 2780 Propertio
1136 2697 1305 2782 uteretur,
1332 2693 1390 2782 qui
1409 2712 1489 2763 eum

224 2815 344 2906 opibus
366 2834 434 2885 non
460 2810 642 2886 admodum
666 2814 796 2885 valeret
822 2813 964 2885 absente
992 2813 1051 2884 illa
1077 2815 1111 2883 in
1140 2835 1238 2884 suum
1263 2816 1365 2885 etiam
1388 2836 1489 2888 usum

223 2959 300 3011 eum
323 2938 513 3010 adhiberet.
543 2937 645 3027 Quod
668 2958 749 3009 vero
779 2936 821 3008 de
843 2937 981 3008 theatro
1011 2935 1204 3027 profertur,
1230 2943 1325 3009 reete
1349 2939 1490 3027 quidem

222 3062 491 3135 Luettiohaunes
510 3065 766 3153 commemoret,
790 3082 866 3133 oum
883 3061 1047 3133 mulieres
1065 3062 1098 3130 in
1123 3082 1262 3155 summo,
1279 3061 1416 3134 theatro
1436 3085 1491 3135 se-

224 3187 305 3258 dere
331 3187 401 3258 sint
428 3186 562 3274 solitae,
586 3185 808 3276 Propertium
836 3186 972 3256 etiamsi
997 3206 1064 3256 θοθ
1087 3186 1121 3255 in
1144 3187 1408 3275 quatuordeeim
1428 3208 1488 3258 or-

223 3311 360 3383 dinibus
379 3312 527 3400 sederet‚
550 3307 748 3380 inferiorem
771 3309 884 3380 locum
909 3309 1067 3380 obtinere
1090 3311 1259 3401 potuisse:
1285 3311 1346 3381 sed
1369 3316 1487 3382 tamen

222 3456 289 3506 non
310 3434 525 3524 exploratum
547 3437 599 3504 est
621 3453 699 3504 eum
726 3453 793 3503 non
817 3429 923 3502 fnisse
953 3433 1115 3522 equitem.
1145 3433 1245 3522 Quod
1267 3454 1484 3524 nequaquam

221 3558 390 3652 probatur
407 3558 449 3629 iis
466 3556 561 3649 loeis,
582 3577 669 3649 quos
687 3557 776 3627 hano
793 3555 829 3625 in
849 3556 1057 3626 sententiam
1080 3556 1213 3646 profert
1231 3555 1484 3648 Hertzbergius

221 3681 373 3775 (Quaest.
393 3704 426 3774 p.
451 3683 540 3773 14.):

297 3879 326 3967 Ι,
348 3881 383 3968 6,
405 3879 465 3948 25.
486 3894 657 3964 -quem
676 3893 811 3963 semper
828 3873 938 3945 voluit
956 3871 1097 3945 fortuna
1114 3874 1246 3962 iacere;
1270 3916 1315 3927 -

297 4002 343 4093 11,
365 4005 426 4090 24,
449 4003 508 4071 36.
530 4039 581 4051 -
599 3999 754 4087 quamvis
771 4018 834 4070 nee
852 3998 1021 4088 sanguine
1039 3997 1129 4068 avito

377 4209 512 4282 Nobilis
530 4216 566 4281 et
585 4210 738 4302 quamvis
757 4211 893 4281 nonita
912 4209 1010 4280 dives
1029 4229 1117 4279 eras.

298 4420 343 4513 II,
367 4425 426 4510 34,
449 4422 508 4495 56.
533 4465 581 4476 —
599 4464 649 4476 -
669 4423 724 4494 cui
741 4442 850 4511 parva
869 4419 966 4491 domi
983 4416 1121 4490 fortuna
1139 4418 1262 4493 relicta
1280 4428 1344 4511 est,

376 4619 501 4692 Nullus
520 4620 715 4709 etantiqua
734 4616 849 4688 Marte
867 4615 1062 4705 triumphus
1081 4618 1149 4689 avi.
1171 4657 1221 4671 -
