<?xml version="1.0" encoding="UTF-8"?>
<!DOCTYPE html PUBLIC "-//W3C//DTD XHTML 1.0 Transitional//EN"
    "http://www.w3.org/TR/xhtml1/DTD/xhtml1-transitional.dtd">
<html xmlns="http://www.w3.org/1999/xhtml" xml:lang="en" lang="en">
 <head>
  <title>
</title>
<meta http-equiv="Content-Type" content="text/html;charset=utf-8" />
  <meta name='ocr-system' content='tesseract 3.04.00' />
  <meta name='ocr-capabilities' content='ocr_page ocr_carea ocr_par ocr_line ocrx_word'/>
</head>
<body>
  <div class='ocr_page' id='page_1' title='image "./dequartopropert01voiggoog_0067.png"; bbox 0 0 3166 5146; ppageno 0'>
   <div class='ocr_carea' id='block_1_1' title="bbox 723 260 971 326">
    <p class='ocr_par' dir='ltr' id='par_1_1' title="bbox 723 260 971 326">
     <span class='ocr_line' id='line_1_1' title="bbox 723 260 971 326; baseline 0.012 -3"><span class='ocrx_word' id='word_1_1' title='bbox 723 260 971 326; x_wconf 81' lang='lat'>.-62·-</span> 
     </span>
    </p>
   </div>
   <div class='ocr_carea' id='block_1_2' title="bbox 232 469 1503 934">
    <p class='ocr_par' dir='ltr' id='par_1_2' title="bbox 232 469 1503 934">
     <span class='ocr_line' id='line_1_2' title="bbox 236 469 1503 561; baseline -0.001 -20"><span class='ocrx_word' id='word_1_2' title='bbox 236 474 400 543; x_wconf 89' lang='lat' dir='ltr'>Antevs.</span> <span class='ocrx_word' id='word_1_3' title='bbox 425 476 499 561; x_wconf 72' lang='lat' dir='ltr'>hh,</span> <span class='ocrx_word' id='word_1_4' title='bbox 524 471 647 561; x_wconf 90' lang='lat' dir='ltr'>iuquit,</span> <span class='ocrx_word' id='word_1_5' title='bbox 674 470 842 541; x_wconf 85' lang='lat' dir='ltr'>excidisse</span> <span class='ocrx_word' id='word_1_6' title='bbox 865 480 963 560; x_wconf 89' lang='lat' dir='ltr'>puto,</span> <span class='ocrx_word' id='word_1_7' title='bbox 988 470 1114 560; x_wconf 88' lang='lat' dir='ltr'>quihus</span> <span class='ocrx_word' id='word_1_8' title='bbox 1137 469 1179 540; x_wconf 91' lang='lat' dir='ltr'>de</span> <span class='ocrx_word' id='word_1_9' title='bbox 1204 470 1316 558; x_wconf 88' lang='lat' dir='ltr'>pactis</span> <span class='ocrx_word' id='word_1_10' title='bbox 1335 469 1503 560; x_wconf 79' lang='lat' dir='ltr'>Tarpeiae</span> 
     </span>
     <span class='ocr_line' id='line_1_3' title="bbox 234 593 1502 684; baseline 0.001 -19"><span class='ocrx_word' id='word_1_11' title='bbox 234 616 311 665; x_wconf 91' lang='lat' dir='ltr'>cum</span> <span class='ocrx_word' id='word_1_12' title='bbox 331 594 430 667; x_wconf 89' lang='lat' dir='ltr'>Tatio</span> <span class='ocrx_word' id='word_1_13' title='bbox 453 595 612 665; x_wconf 86' lang='lat' dir='ltr'>ineundis</span> <span class='ocrx_word' id='word_1_14' title='bbox 635 600 811 684; x_wconf 82' lang='lat' dir='ltr'>ageretur.</span> <span class='ocrx_word' id='word_1_15' title='bbox 843 596 891 664; x_wconf 83' lang='lat' dir='ltr'>ht</span> <span class='ocrx_word' id='word_1_16' title='bbox 913 595 956 665; x_wconf 92' lang='lat' dir='ltr'>de</span> <span class='ocrx_word' id='word_1_17' title='bbox 980 596 1022 664; x_wconf 88' lang='lat' dir='ltr'>iis</span> <span class='ocrx_word' id='word_1_18' title='bbox 1046 593 1158 683; x_wconf 87' lang='lat' dir='ltr'>pactis</span> <span class='ocrx_word' id='word_1_19' title='bbox 1182 615 1248 664; x_wconf 92' lang='lat' dir='ltr'>non</span> <span class='ocrx_word' id='word_1_20' title='bbox 1272 595 1327 666; x_wconf 91' lang='lat' dir='ltr'>hic</span> <span class='ocrx_word' id='word_1_21' title='bbox 1353 601 1429 666; x_wconf 89' lang='lat' dir='ltr'>erat</span> <span class='ocrx_word' id='word_1_22' title='bbox 1453 597 1502 667; x_wconf 91' lang='lat' dir='ltr'>di·</span> 
     </span>
     <span class='ocr_line' id='line_1_4' title="bbox 234 717 1503 808; baseline 0.002 -20"><span class='ocrx_word' id='word_1_23' title='bbox 234 719 332 789; x_wconf 91' lang='lat' dir='ltr'>cendi</span> <span class='ocrx_word' id='word_1_24' title='bbox 355 719 461 808; x_wconf 89' lang='grc'><strong>10003,</strong></span> <span class='ocrx_word' id='word_1_25' title='bbox 487 718 546 788; x_wconf 90' lang='lat' dir='ltr'>sed</span> <span class='ocrx_word' id='word_1_26' title='bbox 571 717 673 808; x_wconf 85' lang='lat' dir='ltr'>infra,</span> <span class='ocrx_word' id='word_1_27' title='bbox 703 719 764 789; x_wconf 91' lang='lat' dir='ltr'>ubi</span> <span class='ocrx_word' id='word_1_28' title='bbox 783 718 927 807; x_wconf 88' lang='lat' dir='ltr'>Tarpeia</span> <span class='ocrx_word' id='word_1_29' title='bbox 947 719 1085 789; x_wconf 84' lang='lat' dir='ltr'>Tatium</span> <span class='ocrx_word' id='word_1_30' title='bbox 1115 719 1316 788; x_wconf 91' lang='lat' dir='ltr'>convenisse</span> <span class='ocrx_word' id='word_1_31' title='bbox 1339 725 1503 790; x_wconf 90' lang='lat' dir='ltr'>narratur</span> 
     </span>
     <span class='ocr_line' id='line_1_5' title="bbox 232 843 1502 934; baseline 0.002 -22"><span class='ocrx_word' id='word_1_32' title='bbox 232 845 307 931; x_wconf 85' lang='lat'>(81.</span> <span class='ocrx_word' id='word_1_33' title='bbox 330 846 384 934; x_wconf 87' lang='grc'><strong>3.),</strong></span> <span class='ocrx_word' id='word_1_34' title='bbox 405 845 434 913; x_wconf 91' lang='grc'>31</span> <span class='ocrx_word' id='word_1_35' title='bbox 454 864 494 913; x_wconf 89' lang='grc'>33</span> <span class='ocrx_word' id='word_1_36' title='bbox 513 864 569 914; x_wconf 91' lang='grc'>133</span> <span class='ocrx_word' id='word_1_37' title='bbox 587 843 747 933; x_wconf 90' lang='lat' dir='ltr'>pluribus</span> <span class='ocrx_word' id='word_1_38' title='bbox 767 851 858 914; x_wconf 88' lang='lat' dir='ltr'>esset</span> <span class='ocrx_word' id='word_1_39' title='bbox 879 844 1048 932; x_wconf 87' lang='lat' dir='ltr'>exposita.</span> <span class='ocrx_word' id='word_1_40' title='bbox 1065 843 1228 914; x_wconf 85' lang='lat' dir='ltr'>Similiter</span> <span class='ocrx_word' id='word_1_41' title='bbox 1243 844 1333 913; x_wconf 88' lang='lat' dir='ltr'>enim</span> <span class='ocrx_word' id='word_1_42' title='bbox 1348 844 1383 912; x_wconf 94' lang='lat' dir='ltr'>in</span> <span class='ocrx_word' id='word_1_43' title='bbox 1398 844 1502 914; x_wconf 90' lang='lat' dir='ltr'>simili</span> 
     </span>
    </p>
   </div>
   <div class='ocr_carea' id='block_1_3' title="bbox 226 965 1529 2048">
    <p class='ocr_par' dir='ltr' id='par_1_3' title="bbox 226 965 1529 2048">
     <span class='ocr_line' id='line_1_6' title="bbox 231 965 1501 1056; baseline 0.001 -21"><span class='ocrx_word' id='word_1_44' title='bbox 231 985 336 1035; x_wconf 88' lang='lat' dir='ltr'>causa</span> <span class='ocrx_word' id='word_1_45' title='bbox 354 965 479 1035; x_wconf 84' lang='lat' dir='ltr'>Medea</span> <span class='ocrx_word' id='word_1_46' title='bbox 500 967 590 1055; x_wconf 91' lang='lat' dir='ltr'>apud</span> <span class='ocrx_word' id='word_1_47' title='bbox 611 966 650 1036; x_wconf 86' lang='lat' dir='ltr'>C.</span> <span class='ocrx_word' id='word_1_48' title='bbox 671 965 849 1037; x_wconf 88' lang='lat' dir='ltr'>Valerium</span> <span class='ocrx_word' id='word_1_49' title='bbox 868 967 1027 1038; x_wconf 85' lang='lat' dir='ltr'>Flaccum</span> <span class='ocrx_word' id='word_1_50' title='bbox 1056 967 1179 1038; x_wconf 92' lang='lat' dir='ltr'>nonin</span> <span class='ocrx_word' id='word_1_51' title='bbox 1203 967 1301 1037; x_wconf 89' lang='lat' dir='ltr'>initio</span> <span class='ocrx_word' id='word_1_52' title='bbox 1319 965 1403 1038; x_wconf 93' lang='lat' dir='ltr'>libri</span> <span class='ocrx_word' id='word_1_53' title='bbox 1422 987 1501 1056; x_wconf 91' lang='lat' dir='ltr'>sep-</span> 
     </span>
     <span class='ocr_line' id='line_1_7' title="bbox 230 1082 1499 1181; baseline 0.002 -22"><span class='ocrx_word' id='word_1_54' title='bbox 230 1089 317 1178; x_wconf 87' lang='lat' dir='ltr'>timi,</span> <span class='ocrx_word' id='word_1_55' title='bbox 342 1091 402 1160; x_wconf 94' lang='lat' dir='ltr'>ubi</span> <span class='ocrx_word' id='word_1_56' title='bbox 427 1104 533 1160; x_wconf 92' lang='lat' dir='ltr'>noctu</span> <span class='ocrx_word' id='word_1_57' title='bbox 559 1082 656 1161; x_wconf 84' lang='lat' dir='ltr'>su&#39;um</span> <span class='ocrx_word' id='word_1_58' title='bbox 687 1112 804 1162; x_wconf 91' lang='lat' dir='ltr'>secum</span> <span class='ocrx_word' id='word_1_59' title='bbox 833 1093 946 1161; x_wconf 92' lang='lat' dir='ltr'>animo</span> <span class='ocrx_word' id='word_1_60' title='bbox 976 1104 1128 1162; x_wconf 87' lang='lat' dir='ltr'>amorem</span> <span class='ocrx_word' id='word_1_61' title='bbox 1159 1098 1285 1180; x_wconf 88' lang='lat' dir='ltr'>versat,</span> <span class='ocrx_word' id='word_1_62' title='bbox 1310 1090 1393 1181; x_wconf 93' lang='lat' dir='ltr'>quid</span> <span class='ocrx_word' id='word_1_63' title='bbox 1421 1112 1499 1162; x_wconf 91' lang='lat' dir='ltr'>cum</span> 
     </span>
     <span class='ocr_line' id='line_1_8' title="bbox 229 1214 1499 1307; baseline 0.002 -23"><span class='ocrx_word' id='word_1_64' title='bbox 229 1214 350 1284; x_wconf 88' lang='lat' dir='ltr'>Iasone</span> <span class='ocrx_word' id='word_1_65' title='bbox 369 1221 513 1303; x_wconf 87' lang='lat' dir='ltr'>pactura</span> <span class='ocrx_word' id='word_1_66' title='bbox 533 1217 579 1284; x_wconf 92' lang='lat' dir='ltr'>sit</span> <span class='ocrx_word' id='word_1_67' title='bbox 598 1216 723 1305; x_wconf 85' lang='lat' dir='ltr'>aperit,</span> <span class='ocrx_word' id='word_1_68' title='bbox 749 1217 809 1287; x_wconf 88' lang='lat' dir='ltr'>sed</span> <span class='ocrx_word' id='word_1_69' title='bbox 833 1225 955 1304; x_wconf 88' lang='lat' dir='ltr'>postea</span> <span class='ocrx_word' id='word_1_70' title='bbox 979 1219 1081 1307; x_wconf 86' lang='grc'><strong>(437.</strong></span> <span class='ocrx_word' id='word_1_71' title='bbox 1102 1217 1163 1305; x_wconf 87' lang='grc'><strong>33.)</strong></span> <span class='ocrx_word' id='word_1_72' title='bbox 1182 1217 1248 1304; x_wconf 89' lang='lat' dir='ltr'>ipsi</span> <span class='ocrx_word' id='word_1_73' title='bbox 1268 1216 1381 1287; x_wconf 92' lang='lat' dir='ltr'>Iasoni</span> <span class='ocrx_word' id='word_1_74' title='bbox 1400 1237 1499 1286; x_wconf 94' lang='lat' dir='ltr'>suum</span> 
     </span>
     <span class='ocr_line' id='line_1_9' title="bbox 228 1336 1497 1437; baseline 0.004 -31"><span class='ocrx_word' id='word_1_75' title='bbox 228 1336 328 1408; x_wconf 84' lang='lat' dir='ltr'>offert</span> <span class='ocrx_word' id='word_1_76' title='bbox 347 1338 510 1408; x_wconf 86' lang='lat' dir='ltr'>auxilium</span> <span class='ocrx_word' id='word_1_77' title='bbox 530 1339 673 1428; x_wconf 92' lang='lat' dir='ltr'>eiusque</span> <span class='ocrx_word' id='word_1_78' title='bbox 692 1340 865 1427; x_wconf 90' lang='lat' dir='ltr'>promissa</span> <span class='ocrx_word' id='word_1_79' title='bbox 884 1341 1030 1430; x_wconf 89' lang='lat' dir='ltr'>accipit;</span> <span class='ocrx_word' id='word_1_80' title='bbox 1053 1341 1213 1437; x_wconf 81' lang='lat' dir='ltr'>similiter</span> <span class='ocrx_word' id='word_1_81' title='bbox 1227 1340 1319 1429; x_wconf 91' lang='lat' dir='ltr'>apud</span> <span class='ocrx_word' id='word_1_82' title='bbox 1334 1339 1497 1412; x_wconf 87' lang='lat' dir='ltr'>Ovidium</span> 
     </span>
     <span class='ocr_line' id='line_1_10' title="bbox 229 1461 1497 1555; baseline 0.004 -24"><span class='ocrx_word' id='word_1_83' title='bbox 229 1461 314 1532; x_wconf 90' lang='lat' dir='ltr'>Met.</span> <span class='ocrx_word' id='word_1_84' title='bbox 341 1461 439 1533; x_wconf 90' lang='lat' dir='ltr'>VIII.</span> <span class='ocrx_word' id='word_1_85' title='bbox 470 1462 585 1552; x_wconf 88' lang='lat' dir='ltr'>Scylla</span> <span class='ocrx_word' id='word_1_86' title='bbox 613 1484 681 1533; x_wconf 92' lang='lat' dir='ltr'>non</span> <span class='ocrx_word' id='word_1_87' title='bbox 714 1464 791 1552; x_wconf 91' lang='lat' dir='ltr'>ipsa</span> <span class='ocrx_word' id='word_1_88' title='bbox 820 1485 934 1535; x_wconf 89' lang='lat' dir='ltr'>secum</span> <span class='ocrx_word' id='word_1_89' title='bbox 969 1466 1138 1555; x_wconf 91' lang='lat' dir='ltr'>quomodo</span> <span class='ocrx_word' id='word_1_90' title='bbox 1165 1465 1295 1535; x_wconf 88' lang='lat' dir='ltr'>Minois</span> <span class='ocrx_word' id='word_1_91' title='bbox 1318 1466 1497 1536; x_wconf 86' lang='lat' dir='ltr'>matrimo-</span> 
     </span>
     <span class='ocr_line' id='line_1_11' title="bbox 230 1587 1500 1680; baseline 0.004 -24"><span class='ocrx_word' id='word_1_92' title='bbox 230 1587 324 1657; x_wconf 92' lang='lat' dir='ltr'>nium</span> <span class='ocrx_word' id='word_1_93' title='bbox 343 1588 560 1677; x_wconf 90' lang='lat' dir='ltr'>postulatura</span> <span class='ocrx_word' id='word_1_94' title='bbox 591 1589 636 1657; x_wconf 89' lang='lat' dir='ltr'>sit</span> <span class='ocrx_word' id='word_1_95' title='bbox 656 1590 863 1678; x_wconf 87' lang='lat' dir='ltr'>considerat,</span> <span class='ocrx_word' id='word_1_96' title='bbox 894 1591 953 1660; x_wconf 89' lang='lat' dir='ltr'>sed</span> <span class='ocrx_word' id='word_1_97' title='bbox 978 1611 1058 1660; x_wconf 85' lang='lat' dir='ltr'>mox</span> <span class='ocrx_word' id='word_1_98' title='bbox 1081 1590 1147 1679; x_wconf 89' lang='lat' dir='ltr'>ipsi</span> <span class='ocrx_word' id='word_1_99' title='bbox 1166 1592 1210 1680; x_wconf 82' lang='lat' dir='ltr'>(v.</span> <span class='ocrx_word' id='word_1_100' title='bbox 1233 1591 1309 1680; x_wconf 80' lang='lat'>92.)</span> <span class='ocrx_word' id='word_1_101' title='bbox 1330 1591 1412 1680; x_wconf 90' lang='lat' dir='ltr'>quid</span> <span class='ocrx_word' id='word_1_102' title='bbox 1439 1611 1500 1678; x_wconf 93' lang='lat' dir='ltr'>po·</span> 
     </span>
     <span class='ocr_line' id='line_1_12' title="bbox 229 1701 1529 1805; baseline 0.005 -25"><span class='ocrx_word' id='word_1_103' title='bbox 229 1712 336 1781; x_wconf 90' lang='lat' dir='ltr'>stnlet</span> <span class='ocrx_word' id='word_1_104' title='bbox 359 1711 562 1800; x_wconf 83' lang='lat' dir='ltr'>profitetur3</span> <span class='ocrx_word' id='word_1_105' title='bbox 592 1718 629 1783; x_wconf 91' lang='lat' dir='ltr'>at</span> <span class='ocrx_word' id='word_1_106' title='bbox 657 1713 691 1782; x_wconf 93' lang='lat' dir='ltr'>in</span> <span class='ocrx_word' id='word_1_107' title='bbox 713 1701 787 1784; x_wconf 80' lang='lat' dir='ltr'>diri</span> <span class='ocrx_word' id='word_1_108' title='bbox 811 1715 903 1785; x_wconf 90' lang='lat' dir='ltr'>nulla</span> <span class='ocrx_word' id='word_1_109' title='bbox 927 1735 1070 1805; x_wconf 90' lang='lat' dir='ltr'>nsquam</span> <span class='ocrx_word' id='word_1_110' title='bbox 1090 1721 1270 1804; x_wconf 90' lang='lat' dir='ltr'>pactorum</span> <span class='ocrx_word' id='word_1_111' title='bbox 1293 1714 1333 1786; x_wconf 88' lang='lat' dir='ltr'>fit</span> <span class='ocrx_word' id='word_1_112' title='bbox 1355 1717 1498 1803; x_wconf 87' lang='lat' dir='ltr'>mentio,</span> <span class='ocrx_word' id='word_1_113' title='bbox 1525 1732 1529 1741; x_wconf 83' lang='lat'><em>·</em></span> 
     </span>
     <span class='ocr_line' id='line_1_13' title="bbox 226 1834 1497 1929; baseline 0.002 -24"><span class='ocrx_word' id='word_1_114' title='bbox 226 1836 292 1906; x_wconf 91' lang='lat' dir='ltr'>nisi</span> <span class='ocrx_word' id='word_1_115' title='bbox 310 1834 400 1906; x_wconf 89' lang='lat' dir='ltr'>iorte</span> <span class='ocrx_word' id='word_1_116' title='bbox 420 1838 497 1923; x_wconf 89' lang='lat' dir='ltr'>quis</span> <span class='ocrx_word' id='word_1_117' title='bbox 515 1836 599 1907; x_wconf 91' lang='lat' dir='ltr'>illud</span> <span class='ocrx_word' id='word_1_118' title='bbox 619 1838 686 1908; x_wconf 91' lang='lat' dir='ltr'>huc</span> <span class='ocrx_word' id='word_1_119' title='bbox 705 1836 846 1928; x_wconf 84' lang='lat' dir='ltr'>referat,</span> <span class='ocrx_word' id='word_1_120' title='bbox 873 1839 965 1928; x_wconf 90' lang='lat' dir='ltr'>quod</span> <span class='ocrx_word' id='word_1_121' title='bbox 986 1838 1101 1928; x_wconf 86' lang='lat' dir='ltr'>Scylla</span> <span class='ocrx_word' id='word_1_122' title='bbox 1120 1839 1153 1907; x_wconf 91' lang='lat' dir='ltr'>in</span> <span class='ocrx_word' id='word_1_123' title='bbox 1174 1839 1320 1910; x_wconf 93' lang='lat' dir='ltr'>vinculis</span> <span class='ocrx_word' id='word_1_124' title='bbox 1339 1846 1444 1929; x_wconf 88' lang='lat' dir='ltr'>atque</span> <span class='ocrx_word' id='word_1_125' title='bbox 1463 1841 1497 1908; x_wconf 94' lang='lat' dir='ltr'>in</span> 
     </span>
     <span class='ocr_line' id='line_1_14' title="bbox 226 1961 788 2048; baseline 0.007 -19"><span class='ocrx_word' id='word_1_126' title='bbox 226 1961 303 2031; x_wconf 84' lang='lat' dir='ltr'>navi</span> <span class='ocrx_word' id='word_1_127' title='bbox 324 1982 371 2032; x_wconf 92' lang='grc'>13.</span> <span class='ocrx_word' id='word_1_128' title='bbox 394 1965 482 2031; x_wconf 90' lang='grc'><strong>414.</strong></span> <span class='ocrx_word' id='word_1_129' title='bbox 504 1962 587 2032; x_wconf 87' lang='lat' dir='ltr'>haec</span> <span class='ocrx_word' id='word_1_130' title='bbox 607 1964 788 2048; x_wconf 87' lang='lat' dir='ltr'>queritur:</span> 
     </span>
    </p>
   </div>
   <div class='ocr_carea' id='block_1_4' title="bbox 435 2172 1283 2368">
    <p class='ocr_par' dir='ltr' id='par_1_4' title="bbox 435 2172 1283 2368">
     <span class='ocr_line' id='line_1_15' title="bbox 436 2172 1283 2263; baseline 0 -21"><span class='ocrx_word' id='word_1_131' title='bbox 436 2173 499 2243; x_wconf 92' lang='grc'><strong>1113</strong></span> <span class='ocrx_word' id='word_1_132' title='bbox 518 2194 581 2263; x_wconf 83' lang='lat' dir='ltr'>ego</span> <span class='ocrx_word' id='word_1_133' title='bbox 602 2172 980 2263; x_wconf 86' lang='grc' dir='ltr'><strong>1010,Μ1003,3331310</strong></span> <span class='ocrx_word' id='word_1_134' title='bbox 1000 2173 1139 2242; x_wconf 87' lang='lat' dir='ltr'>loedere</span> <span class='ocrx_word' id='word_1_135' title='bbox 1158 2175 1283 2243; x_wconf 83' lang='lat' dir='ltr'>coniux</span> 
     </span>
     <span class='ocr_line' id='line_1_16' title="bbox 435 2297 704 2368; baseline -0.004 -2"><span class='ocrx_word' id='word_1_136' title='bbox 435 2297 539 2368; x_wconf 86' lang='lat' dir='ltr'>Dicta</span> <span class='ocrx_word' id='word_1_137' title='bbox 558 2297 633 2367; x_wconf 92' lang='lat' dir='ltr'>tibi.</span> <span class='ocrx_word' id='word_1_138' title='bbox 653 2336 704 2349; x_wconf 91' lang='lat'><em>-</em></span> 
     </span>
    </p>
   </div>
   <div class='ocr_carea' id='block_1_5' title="bbox 221 2526 1543 3239">
    <p class='ocr_par' dir='ltr' id='par_1_5' title="bbox 221 2526 1543 3239">
     <span class='ocr_line' id='line_1_17' title="bbox 226 2526 1543 2616; baseline 0.001 -18"><span class='ocrx_word' id='word_1_139' title='bbox 226 2527 368 2615; x_wconf 82' lang='lat' dir='ltr'>Contra,</span> <span class='ocrx_word' id='word_1_140' title='bbox 393 2535 433 2598; x_wconf 92' lang='grc'>01</span> <span class='ocrx_word' id='word_1_141' title='bbox 452 2528 508 2598; x_wconf 93' lang='lat' dir='ltr'>hic</span> <span class='ocrx_word' id='word_1_142' title='bbox 529 2528 677 2616; x_wconf 88' lang='lat' dir='ltr'>Tarpeia</span> <span class='ocrx_word' id='word_1_143' title='bbox 695 2528 793 2615; x_wconf 89' lang='lat' dir='ltr'>prius</span> <span class='ocrx_word' id='word_1_144' title='bbox 818 2532 1026 2597; x_wconf 88' lang='lat' dir='ltr'>metuentem</span> <span class='ocrx_word' id='word_1_145' title='bbox 1046 2526 1146 2596; x_wconf 90' lang='lat' dir='ltr'>Tatio</span> <span class='ocrx_word' id='word_1_146' title='bbox 1172 2527 1322 2595; x_wconf 91' lang='lat' dir='ltr'>animum</span> <span class='ocrx_word' id='word_1_147' title='bbox 1342 2526 1495 2598; x_wconf 90' lang='lat' dir='ltr'>declarat</span> <span class='ocrx_word' id='word_1_148' title='bbox 1540 2594 1543 2599; x_wconf 87' lang='lat'>.</span> 
     </span>
     <span class='ocr_line' id='line_1_18' title="bbox 224 2650 1491 2739; baseline 0.001 -17"><span class='ocrx_word' id='word_1_149' title='bbox 224 2659 315 2722; x_wconf 89' lang='lat' dir='ltr'>etse</span> <span class='ocrx_word' id='word_1_150' title='bbox 335 2652 367 2721; x_wconf 92' lang='grc'>31</span> <span class='ocrx_word' id='word_1_151' title='bbox 391 2651 478 2720; x_wconf 90' lang='grc'><strong>13113</strong></span> <span class='ocrx_word' id='word_1_152' title='bbox 503 2671 603 2738; x_wconf 90' lang='lat' dir='ltr'>opem</span> <span class='ocrx_word' id='word_1_153' title='bbox 627 2650 847 2739; x_wconf 82' lang='lat' dir='ltr'>terrentque</span> <span class='ocrx_word' id='word_1_154' title='bbox 878 2650 959 2721; x_wconf 91' lang='lat' dir='ltr'>velit</span> <span class='ocrx_word' id='word_1_155' title='bbox 987 2650 1242 2739; x_wconf 87' lang='lat' dir='ltr'>pulchritudine</span> <span class='ocrx_word' id='word_1_156' title='bbox 1265 2651 1340 2721; x_wconf 91' lang='lat' dir='ltr'>eius</span> <span class='ocrx_word' id='word_1_157' title='bbox 1365 2655 1491 2723; x_wconf 86' lang='lat' dir='ltr'>moveri</span> 
     </span>
     <span class='ocr_line' id='line_1_19' title="bbox 223 2772 1490 2864; baseline 0.002 -20"><span class='ocrx_word' id='word_1_158' title='bbox 223 2775 350 2864; x_wconf 87' lang='lat' dir='ltr'>aperit,</span> <span class='ocrx_word' id='word_1_159' title='bbox 378 2794 457 2844; x_wconf 86' lang='lat' dir='ltr'>mox</span> <span class='ocrx_word' id='word_1_160' title='bbox 483 2775 555 2844; x_wconf 85' lang='lat' dir='ltr'>sive</span> <span class='ocrx_word' id='word_1_161' title='bbox 579 2795 666 2844; x_wconf 82' lang='lat' dir='ltr'>uxor</span> <span class='ocrx_word' id='word_1_162' title='bbox 690 2774 763 2844; x_wconf 89' lang='lat' dir='ltr'>sive</span> <span class='ocrx_word' id='word_1_163' title='bbox 792 2776 903 2846; x_wconf 92' lang='lat' dir='ltr'>amica</span> <span class='ocrx_word' id='word_1_164' title='bbox 926 2772 1044 2844; x_wconf 87' lang='lat' dir='ltr'>futura</span> <span class='ocrx_word' id='word_1_165' title='bbox 1067 2774 1113 2843; x_wconf 89' lang='lat' dir='ltr'>sit</span> <span class='ocrx_word' id='word_1_166' title='bbox 1137 2775 1281 2845; x_wconf 86' lang='lat' dir='ltr'>Romam</span> <span class='ocrx_word' id='word_1_167' title='bbox 1306 2774 1399 2846; x_wconf 90' lang='lat' dir='ltr'>dotis</span> <span class='ocrx_word' id='word_1_168' title='bbox 1417 2778 1490 2848; x_wconf 89' lang='lat' dir='ltr'>loco</span> 
     </span>
     <span class='ocr_line' id='line_1_20' title="bbox 221 2898 1492 2992; baseline 0.001 -22"><span class='ocrx_word' id='word_1_169' title='bbox 221 2899 428 2988; x_wconf 88' lang='lat' dir='ltr'>pollicetur:</span> <span class='ocrx_word' id='word_1_170' title='bbox 448 2899 498 2970; x_wconf 91' lang='lat' dir='ltr'>ita</span> <span class='ocrx_word' id='word_1_171' title='bbox 517 2899 634 2970; x_wconf 90' lang='lat' dir='ltr'>eadem</span> <span class='ocrx_word' id='word_1_172' title='bbox 656 2899 775 2989; x_wconf 83' lang='lat' dir='ltr'>Scylla</span> <span class='ocrx_word' id='word_1_173' title='bbox 792 2901 883 2989; x_wconf 90' lang='lat' dir='ltr'>apud</span> <span class='ocrx_word' id='word_1_174' title='bbox 905 2898 1067 2971; x_wconf 86' lang='lat' dir='ltr'>Ovidium</span> <span class='ocrx_word' id='word_1_175' title='bbox 1087 2903 1163 2989; x_wconf 79' lang='grc'><strong>(64.</strong></span> <span class='ocrx_word' id='word_1_176' title='bbox 1186 2901 1248 2992; x_wconf 87' lang='grc'><strong>33.)</strong></span> <span class='ocrx_word' id='word_1_177' title='bbox 1272 2908 1351 2988; x_wconf 92' lang='lat' dir='ltr'>post</span> <span class='ocrx_word' id='word_1_178' title='bbox 1370 2900 1492 2971; x_wconf 92' lang='lat' dir='ltr'>similis</span> 
     </span>
     <span class='ocr_line' id='line_1_21' title="bbox 221 3004 1491 3114; baseline 0.004 -23"><span class='ocrx_word' id='word_1_179' title='bbox 221 3029 335 3092; x_wconf 86' lang='lat' dir='ltr'>metus</span> <span class='ocrx_word' id='word_1_180' title='bbox 350 3022 616 3096; x_wconf 88' lang='lat' dir='ltr'>declarationem</span> <span class='ocrx_word' id='word_1_181' title='bbox 632 3004 977 3114; x_wconf 86' lang='lat' dir='ltr'>pulchritudinisque</span> <span class='ocrx_word' id='word_1_182' title='bbox 987 3024 1117 3094; x_wconf 91' lang='lat' dir='ltr'>Minois</span> <span class='ocrx_word' id='word_1_183' title='bbox 1133 3025 1491 3096; x_wconf 88' lang='lat' dir='ltr'>commemorationem</span> 
     </span>
     <span class='ocr_line' id='line_1_22' title="bbox 222 3148 1131 3239; baseline 0.001 -22"><span class='ocrx_word' id='word_1_184' title='bbox 222 3148 264 3218; x_wconf 92' lang='lat' dir='ltr'>ad</span> <span class='ocrx_word' id='word_1_185' title='bbox 284 3148 464 3219; x_wconf 92' lang='lat' dir='ltr'>consilinm</span> <span class='ocrx_word' id='word_1_186' title='bbox 484 3151 619 3237; x_wconf 91' lang='lat' dir='ltr'>patriae</span> <span class='ocrx_word' id='word_1_187' title='bbox 638 3150 834 3238; x_wconf 87' lang='lat' dir='ltr'>prodendae</span> <span class='ocrx_word' id='word_1_188' title='bbox 855 3150 1131 3239; x_wconf 84' lang='lat' dir='ltr'>transgreditur:</span> 
     </span>
    </p>
   </div>
   <div class='ocr_carea' id='block_1_6' title="bbox 325 3377 1333 3964">
    <p class='ocr_par' dir='ltr' id='par_1_6' title="bbox 325 3377 1333 3964">
     <span class='ocr_line' id='line_1_23' title="bbox 327 3377 1258 3469; baseline 0.003 -22"><span class='ocrx_word' id='word_1_189' title='bbox 327 3377 437 3465; x_wconf 75' lang='lat' dir='ltr'>Quam</span> <span class='ocrx_word' id='word_1_190' title='bbox 456 3386 571 3448; x_wconf 91' lang='lat' dir='ltr'>metuo</span> <span class='ocrx_word' id='word_1_191' title='bbox 592 3384 699 3465; x_wconf 89' lang='lat' dir='ltr'>certe,</span> <span class='ocrx_word' id='word_1_192' title='bbox 720 3399 761 3449; x_wconf 90' lang='lat' dir='ltr'>ne</span> <span class='ocrx_word' id='word_1_193' title='bbox 782 3379 859 3468; x_wconf 92' lang='lat' dir='ltr'>quis</span> <span class='ocrx_word' id='word_1_194' title='bbox 881 3388 941 3449; x_wconf 91' lang='lat' dir='ltr'>tua</span> <span class='ocrx_word' id='word_1_195' title='bbox 959 3386 1113 3468; x_wconf 87' lang='lat' dir='ltr'>pectora,</span> <span class='ocrx_word' id='word_1_196' title='bbox 1133 3381 1258 3469; x_wconf 90' lang='lat' dir='ltr'>Minos,</span> 
     </span>
     <span class='ocr_line' id='line_1_24' title="bbox 326 3501 1333 3594; baseline 0.004 -24"><span class='ocrx_word' id='word_1_197' title='bbox 326 3501 495 3574; x_wconf 83' lang='lat' dir='ltr'>Vulnerat</span> <span class='ocrx_word' id='word_1_198' title='bbox 514 3502 731 3593; x_wconf 87' lang='lat' dir='ltr'>imprudens!</span> <span class='ocrx_word' id='word_1_199' title='bbox 754 3505 831 3594; x_wconf 91' lang='lat' dir='ltr'>quis</span> <span class='ocrx_word' id='word_1_200' title='bbox 851 3504 942 3574; x_wconf 90' lang='lat' dir='ltr'>enim</span> <span class='ocrx_word' id='word_1_201' title='bbox 960 3511 1031 3574; x_wconf 89' lang='lat' dir='ltr'>tam</span> <span class='ocrx_word' id='word_1_202' title='bbox 1054 3505 1164 3594; x_wconf 88' lang='lat' dir='ltr'>dirus,</span> <span class='ocrx_word' id='word_1_203' title='bbox 1184 3504 1277 3573; x_wconf 91' lang='lat' dir='ltr'>utin</span> <span class='ocrx_word' id='word_1_204' title='bbox 1297 3510 1333 3574; x_wconf 93' lang='grc'>13</span> 
     </span>
     <span class='ocr_line' id='line_1_25' title="bbox 325 3625 1228 3716; baseline 0.001 -21"><span class='ocrx_word' id='word_1_205' title='bbox 325 3625 485 3716; x_wconf 84' lang='lat' dir='ltr'>Dirigere</span> <span class='ocrx_word' id='word_1_206' title='bbox 504 3627 671 3698; x_wconf 90' lang='lat' dir='ltr'>immitem</span> <span class='ocrx_word' id='word_1_207' title='bbox 690 3629 756 3698; x_wconf 94' lang='lat' dir='ltr'>nisi</span> <span class='ocrx_word' id='word_1_208' title='bbox 774 3632 909 3699; x_wconf 88' lang='lat' dir='ltr'>nescius</span> <span class='ocrx_word' id='word_1_209' title='bbox 931 3630 1058 3700; x_wconf 85' lang='lat' dir='ltr'>audeat</span> <span class='ocrx_word' id='word_1_210' title='bbox 1074 3630 1228 3701; x_wconf 90' lang='lat' dir='ltr'>hastam!</span> 
     </span>
     <span class='ocr_line' id='line_1_26' title="bbox 327 3749 1263 3841; baseline 0.002 -20"><span class='ocrx_word' id='word_1_211' title='bbox 327 3749 458 3841; x_wconf 80' lang='lat' dir='ltr'>Coepta</span> <span class='ocrx_word' id='word_1_212' title='bbox 476 3752 615 3839; x_wconf 90' lang='lat' dir='ltr'>placent</span> <span class='ocrx_word' id='word_1_213' title='bbox 633 3758 668 3822; x_wconf 90' lang='grc'>31</span> <span class='ocrx_word' id='word_1_214' title='bbox 687 3759 757 3823; x_wconf 91' lang='lat' dir='ltr'>stat</span> <span class='ocrx_word' id='word_1_215' title='bbox 777 3754 950 3824; x_wconf 90' lang='lat' dir='ltr'>sententia</span> <span class='ocrx_word' id='word_1_216' title='bbox 969 3755 1109 3825; x_wconf 89' lang='lat' dir='ltr'>tradere</span> <span class='ocrx_word' id='word_1_217' title='bbox 1127 3773 1263 3823; x_wconf 89' lang='lat' dir='ltr'>mecum</span> 
     </span>
     <span class='ocr_line' id='line_1_27' title="bbox 325 3873 735 3964; baseline 0.005 -20"><span class='ocrx_word' id='word_1_218' title='bbox 325 3873 485 3945; x_wconf 89' lang='lat' dir='ltr'>Dotalem</span> <span class='ocrx_word' id='word_1_219' title='bbox 504 3875 663 3964; x_wconf 89' lang='lat' dir='ltr'>patriam.</span> <span class='ocrx_word' id='word_1_220' title='bbox 687 3916 735 3927; x_wconf 91' lang='grc'>--</span> 
     </span>
    </p>
   </div>
   <div class='ocr_carea' id='block_1_7' title="bbox 218 4104 1488 4320">
    <p class='ocr_par' dir='ltr' id='par_1_7' title="bbox 218 4104 1488 4320">
     <span class='ocr_line' id='line_1_28' title="bbox 297 4104 1488 4198; baseline 0.003 -24"><span class='ocrx_word' id='word_1_221' title='bbox 297 4104 336 4174; x_wconf 93' lang='lat' dir='ltr'>In</span> <span class='ocrx_word' id='word_1_222' title='bbox 361 4104 472 4194; x_wconf 85' lang='lat' dir='ltr'>elegia</span> <span class='ocrx_word' id='word_1_223' title='bbox 500 4107 643 4195; x_wconf 91' lang='lat' dir='ltr'>quinta</span> <span class='ocrx_word' id='word_1_224' title='bbox 666 4107 937 4177; x_wconf 90' lang='lat' dir='ltr'>Luettiohannes</span> <span class='ocrx_word' id='word_1_225' title='bbox 965 4107 1113 4195; x_wconf 90' lang='lat' dir='ltr'>primum</span> <span class='ocrx_word' id='word_1_226' title='bbox 1136 4107 1365 4198; x_wconf 86' lang='lat' dir='ltr'>interpolatos</span> <span class='ocrx_word' id='word_1_227' title='bbox 1388 4112 1488 4197; x_wconf 92' lang='lat' dir='ltr'>putat</span> 
     </span>
     <span class='ocr_line' id='line_1_29' title="bbox 218 4228 656 4320; baseline 0.002 -20"><span class='ocrx_word' id='word_1_228' title='bbox 218 4231 264 4320; x_wconf 85' lang='lat' dir='ltr'>(p.</span> <span class='ocrx_word' id='word_1_229' title='bbox 289 4228 366 4319; x_wconf 86' lang='grc'><strong>44.)</strong></span> <span class='ocrx_word' id='word_1_230' title='bbox 387 4250 456 4300; x_wconf 92' lang='grc'><strong>133.</strong></span> <span class='ocrx_word' id='word_1_231' title='bbox 479 4233 499 4299; x_wconf 88' lang='grc'>9</span> <span class='ocrx_word' id='word_1_232' title='bbox 522 4271 572 4281; x_wconf 95' lang='grc'>-</span> <span class='ocrx_word' id='word_1_233' title='bbox 597 4236 656 4301; x_wconf 85' lang='grc'>12.</span> 
     </span>
    </p>
   </div>
   <div class='ocr_carea' id='block_1_8' title="bbox 377 4459 1248 4656">
    <p class='ocr_par' dir='ltr' id='par_1_8' title="bbox 377 4459 1248 4656">
     <span class='ocr_line' id='line_1_30' title="bbox 377 4459 1248 4550; baseline 0.002 -21"><span class='ocrx_word' id='word_1_234' title='bbox 377 4460 441 4530; x_wconf 86' lang='grc'><strong>1113</strong></span> <span class='ocrx_word' id='word_1_235' title='bbox 460 4460 554 4550; x_wconf 91' lang='grc'><strong>13111,</strong></span> <span class='ocrx_word' id='word_1_236' title='bbox 577 4462 707 4549; x_wconf 90' lang='lat' dir='ltr'>poterit</span> <span class='ocrx_word' id='word_1_237' title='bbox 725 4480 866 4549; x_wconf 82' lang='lat' dir='ltr'>magnes</span> <span class='ocrx_word' id='word_1_238' title='bbox 886 4479 951 4528; x_wconf 89' lang='lat' dir='ltr'>non</span> <span class='ocrx_word' id='word_1_239' title='bbox 970 4459 1096 4532; x_wconf 89' lang='lat' dir='ltr'>ducere</span> <span class='ocrx_word' id='word_1_240' title='bbox 1115 4459 1248 4532; x_wconf 83' lang='lat' dir='ltr'>ferrum</span> 
     </span>
     <span class='ocr_line' id='line_1_31' title="bbox 429 4583 1116 4656; baseline 0.003 -2"><span class='ocrx_word' id='word_1_241' title='bbox 429 4583 476 4655; x_wconf 88' lang='lat' dir='ltr'>Et</span> <span class='ocrx_word' id='word_1_242' title='bbox 494 4585 644 4656; x_wconf 91' lang='lat' dir='ltr'>volucris</span> <span class='ocrx_word' id='word_1_243' title='bbox 662 4584 750 4655; x_wconf 92' lang='lat' dir='ltr'>nidis</span> <span class='ocrx_word' id='word_1_244' title='bbox 768 4603 844 4654; x_wconf 90' lang='grc'><strong>3333</strong></span> <span class='ocrx_word' id='word_1_245' title='bbox 864 4604 1011 4655; x_wconf 88' lang='grc'><strong>0013133</strong></span> <span class='ocrx_word' id='word_1_246' title='bbox 1031 4585 1116 4656; x_wconf 90' lang='grc'><strong>3013.</strong></span> 
     </span>
    </p>
   </div>
   <div class='ocr_carea' id='block_1_9' title="bbox 0 0 1588 5146">
    <p class='ocr_par' dir='ltr' id='par_1_9' title="bbox 0 0 1588 5146">
     <span class='ocr_line' id='line_1_32' title="bbox 0 0 1588 5146; baseline 0 7"><span class='ocrx_word' id='word_1_247' title='bbox 0 0 1588 5146; x_wconf 95' lang='lat' dir='ltr'> </span> 
     </span>
    </p>
   </div>
  </div>
 </body>
</html>
