3166 5146
775 239 985 308 -84-

242 453 274 524 01
300 470 422 521 verum
450 449 649 539 quaerimus
677 469 720 517 ne
745 447 831 518 haec
857 447 997 536 quidem
1021 447 1133 537 elegia
1155 447 1198 518 ab
1217 447 1388 549 amatorio
1408 445 1468 516 illo
1488 451 1525 516 01

242 575 343 646 001110
365 573 542 663 Propertii
569 591 699 661 genere
727 571 830 662 plane
859 571 973 641 aliena
1001 575 1065 641 est.
1104 571 1275 641 Extrema
1302 571 1393 641 enim
1420 574 1523 658 parte

243 717 348 769 causa
376 700 404 767 si
431 717 499 766 000
526 696 571 766 ad
594 714 749 765 amorem
769 698 940 764 attamen
959 692 1003 763 ad
1023 695 1219 764 convivium
1238 693 1417 763 amatoriis
1437 692 1523 763 deli·

245 821 307 892 ciis
339 841 407 890 000
436 818 587 890 alienum
621 817 824 904 deducitur,
858 817 894 887 id
922 818 1035 907 ipsum
1063 823 1180 888 autem
1209 816 1371 888 amatorii
1397 820 1525 904 poetae

243 945 492 1032 existimamur,
512 962 580 1012 non
601 943 713 1012 solum
727 961 816 1030 quae
831 942 866 1010 in
882 941 958 1029 1000
975 962 1092 1013 amore
1111 942 1225 1031 posita
1237 946 1319 1011 sunt
1329 939 1522 1031 celebrare,

242 1065 304 1138 sed
332 1066 568 1138 diversissima
597 1071 633 1135 01
665 1065 938 1134 disiunctissime
965 1084 1125 1156 quaeque
1155 1084 1374 1152 omnemque,
1408 1069 1448 1133 ut
1474 1063 1525 1134 ita

242 1189 367 1279 dicam,
388 1210 508 1260 rerum
527 1193 689 1258 naturam
707 1187 751 1258 ad
770 1207 923 1257 amorem
943 1188 1097 1276 dirigere
1115 1188 1344 1276 omnibusque
1364 1207 1453 1274 quae
1470 1187 1522 1259 di-

243 1317 302 1384 cat
320 1313 421 1401 quasi
440 1321 559 1384 notam
579 1311 763 1401 quamdam
783 1311 909 1380 amoris
928 1311 1139 1399 imprimere.
1174 1311 1225 1380 Ac
1245 1313 1295 1381 sic
1314 1311 1523 1400 Propertius

243 1436 421 1524 porticum
440 1435 483 1506 ah
503 1435 663 1525 Angusto
683 1439 843 1523 apertum
862 1434 913 1522 ΙΙ,
941 1439 1001 1506 31.
1022 1435 1073 1505 110
1091 1440 1230 1522 narrat,
1251 1441 1290 1504 ut
1313 1435 1444 1506 amicae
1463 1455 1525 1506 cur

242 1559 376 1630 tardior
396 1558 511 1629 veniat
527 1558 701 1629 rationem
716 1557 859 1644 reddat;
880 1578 969 1628 nova
980 1556 1073 1628 bella
1083 1557 1235 1646 Augusti
1249 1578 1425 1647 novasque
1436 1579 1523 1648 quas

243 1687 424 1772 exspectat
454 1682 622 1759 victorias
650 1681 721 1771 III,
751 1686 786 1753 4.
817 1683 867 1752 110
897 1682 1068 1772 celebrat,
1101 1687 1142 1752 01
1169 1682 1282 1753 animo
1309 1683 1525 1773 triumphum

241 1805 447 1895 praecipiat,
468 1825 570 1894 quem
589 1805 625 1873 in
644 1805 721 1875 0100
741 1826 844 1876 00000
864 1806 966 1876 nixus
984 1806 1120 1896 puellae
1138 1811 1360 1894 spectaturus
1379 1807 1435 1876 sit.
1456 1805 1525 1878 Sed

242 1927 286 1998 de
313 1928 454 1998 Phileta
480 1928 661 1999 hactenus.
701 1927 954 2000 Callimachum
982 1950 1067 2000 vero
1092 1929 1169 2018 quis
1192 1930 1250 2001 hic
1270 1930 1441 2020 appellari
1460 1929 1524 1999 rni-

196 2131 198 2135 ,
243 2059 356 2138 00100,
376 2053 435 2139 qui
453 2052 650 2122 meminerit
668 2049 767 2121 Λῖτια
785 2052 859 2123 0100
879 2055 928 2123 ita
942 2051 1051 2123 fuisse
1066 2054 1198 2142 scripta
1210 2059 1251 2123 ut
1264 2057 1340 2123 tota
1353 2053 1389 2122 in
1400 2051 1527 2124 eodem

243 2193 373 2264 genere
391 2178 497 2264 atque
519 2175 607 2246 haec
626 2175 737 2265 elegia
761 2182 879 2246 000001
897 2175 1032 2263 posita?
1060 2175 1140 2244 Sive
1161 2175 1269 2263 enirn,
1294 2181 1333 2243 ut
1352 2175 1428 2244 aliis
1448 2176 1526 2263 pla-

243 2300 310 2386 cet,
330 2302 541 2387 perpetuum
560 2297 657 2369 illum'
676 2296 742 2368 1011
765 2316 906 2386 poema,
935 2297 1008 2368 sive
1032 2297 1069 2365 in
1093 2296 1238 2385 singulis
1264 2296 1384 2385 elegiis
1406 2300 1525 2368 consi-

243 2419 372 2512 stebat,
389 2421 614 2493 utDiltheius
629 2422 696 2511 (De
709 2419 914 2493 Callimachi
925 2418 1093 2510 Cydippe.
1105 2419 1245 2507 Lipsiae
1256 2422 1410 2507 1863p.
1421 2422 1528 2512 105.)

243 2564 288 2614 ex
306 2543 362 2612 his
381 2544 466 2632 ipsis
480 2544 662 2633 Propertii
681 2545 798 2633 quarti
817 2544 899 2615 libri
919 2544 1043 2633 elegiis
1063 2543 1217 2614 coniicit:
1241 2542 1306 2612 hoc
1326 2549 1423 2612 certe
1437 2543 1523 2615 nihil

243 2662 352 2734 habet
379 2664 622 2751 dubitationis,
651 2667 734 2754 quin
770 2667 984 2756 singulorum
1013 2667 1188 2767 nominum
1222 2670 1257 2735 et
1285 2650 1518 2738 institutorum

244 2805 371 2856 000000
399 2784 531 2856 fuerint
558 2785 764 2876 explicatae,
794 2786 886 2857 unde
909 2807 1035 2857 nomen
1059 2788 1149 2859 libro
1169 2787 1318 2858 inditum
1337 2795 1408 2881 est,
1436 2789 1521 2861 illud

242 2928 326 2979 vero
345 2907 527 2980 dubitatur
550 2909 668 3000 etiam,
698 2915 814 2981 utrum
839 2931 976 2983 amores
999 2911 1065 2982 hoc
1090 2909 1212 2983 eodem
1235 2911 1326 2983 libro
1350 2918 1523 2985 tractave-

243 3031 303 3122 rit,
322 3016 362 3104 ut
383 3033 542 3105 Diltheio
561 3037 609 3125 (p.
633 3036 695 3104 74.
717 3036 778 3124 00.)
798 3042 833 3105 01
853 3033 893 3106 0.
915 3034 1130 3107 Schneidero
1150 3035 1327 3126 (Prolegg.
1350 3038 1387 3106 in
1410 3035 1523 3130 Αἴτια)

242 3155 398 3247 videtur,
427 3177 472 3226 an
490 3164 631 3247 praeter
650 3157 748 3228 illum
769 3164 805 3230 et
823 3159 967 3248 hymnos
987 3167 1023 3228 et
1041 3159 1293 3246 epigrammata
1310 3160 1397 3231 alias
1417 3163 1524 3234 etiam

243 3283 347 3369 atque
375 3282 563 3351 amatorias
593 3282 722 3370 elegias
747 3283 1008 3370 conscripserit,
1038 3289 1077 3354 01
1099 3283 1387 3375 Valckenaerius,
1411 3285 1524 3358 Erne-

242 3403 348 3490 stius,
368 3402 545 3473 Bentleius
568 3404 710 3475 malunt.
746 3408 795 3476 At
817 3406 884 3476 hac
904 3405 1081 3497 Propertii
1100 3408 1212 3499 elegia
1230 3409 1316 3479 nihil
1336 3409 1430 3481 aliud
1449 3412 1524 3502 agi-

241 3527 300 3595 tur
328 3545 435 3615 quam
462 3536 502 3598 ut
525 3529 734 3618 explicetur,
764 3551 827 3600 cur
846 3530 999 3619 Apollini
1018 3527 1174 3603 Palatino
1193 3534 1360 3622 templum
1380 3534 1521 3608 dedica-

240 3650 316 3718 tum
335 3648 392 3719 011.

322 3824 363 3894 10
382 3825 561 3915 septima
588 3826 699 3917 elegia
717 3827 990 3901 Luettiohannes
1018 3832 1111 3921 (pag.
1134 3835 1195 3903 40.
1218 3834 1260 3925 s.)
1287 3842 1366 3924 post
1384 3857 1434 3907 00.
1458 3842 1518 3909 22.

243 3944 424 4037 (Foederis
443 3947 511 4018 heu
531 3949 648 4019 taciti!
673 3952 772 4021 cuius
791 3950 926 4024 fallacia
946 3953 1053 4024 verba
1071 3954 1150 4025 Non
1171 3957 1323 4028 audituri
1343 3959 1520 4050 diripuere

241 4067 342 4160 Noti)
359 4070 396 4140 id
417 4071 609 4162 desiderat,
630 4074 685 4143 cui
705 4076 881 4162 proximus
901 4097 1038 4148 versus:

349 4279 399 4348 At
416 4279 502 4349 mihi
522 4303 590 4353 non
611 4285 729 4355 oculos
751 4288 932 4377 quisquam
952 4288 1149 4360 inclamavit
1168 4292 1340 4363 euntis-

241 4493 322 4578 apte
342 4498 551 4582 opponatur.
591 4495 688 4567 Idem
706 4519 779 4572 vsa·
800 4502 971 4573 35-38:
