<?xml version="1.0" encoding="UTF-8"?>
<!DOCTYPE html PUBLIC "-//W3C//DTD XHTML 1.0 Transitional//EN"
    "http://www.w3.org/TR/xhtml1/DTD/xhtml1-transitional.dtd">
<html xmlns="http://www.w3.org/1999/xhtml" xml:lang="en" lang="en">
 <head>
  <title>
</title>
<meta http-equiv="Content-Type" content="text/html;charset=utf-8" />
  <meta name='ocr-system' content='tesseract 3.04.00' />
  <meta name='ocr-capabilities' content='ocr_page ocr_carea ocr_par ocr_line ocrx_word'/>
</head>
<body>
  <div class='ocr_page' id='page_1' title='image "./dequartopropert01voiggoog_0047.png"; bbox 0 0 3166 5146; ppageno 0'>
   <div class='ocr_carea' id='block_1_1' title="bbox 679 256 889 323">
    <p class='ocr_par' dir='ltr' id='par_1_1' title="bbox 679 256 889 323">
     <span class='ocr_line' id='line_1_1' title="bbox 679 256 889 323; baseline 0.01 -20"><span class='ocrx_word' id='word_1_1' title='bbox 679 256 889 323; x_wconf 79' lang='lat'>...42-</span> 
     </span>
    </p>
   </div>
   <div class='ocr_carea' id='block_1_2' title="bbox 89 458 1425 2168">
    <p class='ocr_par' dir='ltr' id='par_1_2' title="bbox 89 458 1425 2168">
     <span class='ocr_line' id='line_1_2' title="bbox 152 458 1423 555; baseline -0.008 -14"><span class='ocrx_word' id='word_1_2' title='bbox 152 469 298 541; x_wconf 86' lang='lat' dir='ltr'><strong>Accedit</strong></span> <span class='ocrx_word' id='word_1_3' title='bbox 316 476 354 539; x_wconf 93' lang='lat' dir='ltr'><strong>ut</strong></span> <span class='ocrx_word' id='word_1_4' title='bbox 374 468 545 540; x_wconf 89' lang='lat' dir='ltr'><strong>neminem</strong></span> <span class='ocrx_word' id='word_1_5' title='bbox 563 466 672 555; x_wconf 87' lang='lat' dir='ltr'><strong>magis</strong></span> <span class='ocrx_word' id='word_1_6' title='bbox 692 462 816 537; x_wconf 91' lang='lat' dir='ltr'><strong>deceat</strong></span> <span class='ocrx_word' id='word_1_7' title='bbox 834 463 988 554; x_wconf 90' lang='lat' dir='ltr'><strong>definire,</strong></span> <span class='ocrx_word' id='word_1_8' title='bbox 1008 462 1098 554; x_wconf 91' lang='lat' dir='ltr'><strong>quod</strong></span> <span class='ocrx_word' id='word_1_9' title='bbox 1117 483 1227 554; x_wconf 87' lang='lat' dir='ltr'><strong>genus</strong></span> <span class='ocrx_word' id='word_1_10' title='bbox 1241 458 1423 533; x_wconf 90' lang='lat' dir='ltr'><strong>scribendi</strong></span> 
     </span>
     <span class='ocr_line' id='line_1_3' title="bbox 89 566 1421 683; baseline -0.006 -18"><span class='ocrx_word' id='word_1_11' title='bbox 89 566 92 571; x_wconf 32' lang='lat'>⁵</span> <span class='ocrx_word' id='word_1_12' title='bbox 153 592 364 683; x_wconf 89' lang='lat' dir='ltr'><strong>sequendum</strong></span> <span class='ocrx_word' id='word_1_13' title='bbox 384 593 441 681; x_wconf 88' lang='lat' dir='ltr'><strong>sit,</strong></span> <span class='ocrx_word' id='word_1_14' title='bbox 462 611 564 682; x_wconf 85' lang='lat' dir='ltr'><strong>quam</strong></span> <span class='ocrx_word' id='word_1_15' title='bbox 583 590 729 660; x_wconf 90' lang='lat' dir='ltr'><strong>eundem</strong></span> <span class='ocrx_word' id='word_1_16' title='bbox 747 589 843 659; x_wconf 92' lang='lat' dir='ltr'><strong>illum</strong></span> <span class='ocrx_word' id='word_1_17' title='bbox 856 590 916 679; x_wconf 90' lang='lat' dir='ltr'><strong>qui</strong></span> <span class='ocrx_word' id='word_1_18' title='bbox 935 589 977 660; x_wconf 91' lang='lat' dir='ltr'><strong>ab</strong></span> <span class='ocrx_word' id='word_1_19' title='bbox 991 589 1060 659; x_wconf 88' lang='lat' dir='ltr'><strong>alio</strong></span> <span class='ocrx_word' id='word_1_20' title='bbox 1078 607 1207 679; x_wconf 86' lang='lat' dir='ltr'><strong>genere</strong></span> <span class='ocrx_word' id='word_1_21' title='bbox 1226 586 1421 675; x_wconf 81' lang='lat' dir='ltr'>devocavit,</span> 
     </span>
     <span class='ocr_line' id='line_1_4' title="bbox 151 713 1421 808; baseline -0.003 -21"><span class='ocrx_word' id='word_1_22' title='bbox 151 724 257 808; x_wconf 85' lang='lat' dir='ltr'><strong>utque</strong></span> <span class='ocrx_word' id='word_1_23' title='bbox 275 714 535 789; x_wconf 83' lang='lat' dir='ltr'><strong>desideraretur</strong></span> <span class='ocrx_word' id='word_1_24' title='bbox 559 714 701 805; x_wconf 85' lang='lat' dir='ltr'><strong>aliquid,</strong></span> <span class='ocrx_word' id='word_1_25' title='bbox 729 714 797 785; x_wconf 87' lang='lat' dir='ltr'><strong>nisi</strong></span> <span class='ocrx_word' id='word_1_26' title='bbox 821 715 880 805; x_wconf 91' lang='lat' dir='ltr'><strong>qui</strong></span> <span class='ocrx_word' id='word_1_27' title='bbox 904 713 1114 785; x_wconf 88' lang='lat' dir='ltr'><strong>vaticinandi</strong></span> <span class='ocrx_word' id='word_1_28' title='bbox 1138 713 1204 784; x_wconf 89' lang='lat' dir='ltr'>sibi</span> <span class='ocrx_word' id='word_1_29' title='bbox 1231 718 1345 783; x_wconf 88' lang='lat' dir='ltr'><strong>artem</strong></span> <span class='ocrx_word' id='word_1_30' title='bbox 1366 732 1421 783; x_wconf 88' lang='lat' dir='ltr'><strong>as·</strong></span> 
     </span>
     <span class='ocr_line' id='line_1_5' title="bbox 152 834 1422 931; baseline -0.006 -19"><span class='ocrx_word' id='word_1_31' title='bbox 152 841 303 931; x_wconf 85' lang='lat' dir='ltr'>sumpsit</span> <span class='ocrx_word' id='word_1_32' title='bbox 321 861 395 911; x_wconf 91' lang='lat' dir='ltr'><strong>eam</strong></span> <span class='ocrx_word' id='word_1_33' title='bbox 423 841 533 929; x_wconf 84' lang='lat' dir='ltr'>ipsam</span> <span class='ocrx_word' id='word_1_34' title='bbox 556 844 667 909; x_wconf 88' lang='lat' dir='ltr'><strong>artem</strong></span> <span class='ocrx_word' id='word_1_35' title='bbox 694 843 900 927; x_wconf 76' lang='lat' dir='ltr'><strong>praestaret.</strong></span> <span class='ocrx_word' id='word_1_36' title='bbox 926 837 1026 927; x_wconf 78' lang='lat' dir='ltr'><strong>Quod</strong></span> <span class='ocrx_word' id='word_1_37' title='bbox 1049 858 1172 927; x_wconf 92' lang='lat' dir='ltr'><strong>parum</strong></span> <span class='ocrx_word' id='word_1_38' title='bbox 1194 834 1235 907; x_wconf 90' lang='lat' dir='ltr'><strong>fit</strong></span> <span class='ocrx_word' id='word_1_39' title='bbox 1252 835 1422 906; x_wconf 86' lang='lat' dir='ltr'><strong>extremis</strong></span> 
     </span>
     <span class='ocr_line' id='line_1_6' title="bbox 152 959 1422 1052; baseline -0.004 -16"><span class='ocrx_word' id='word_1_40' title='bbox 152 964 289 1037; x_wconf 91' lang='lat' dir='ltr'><strong>duobus</strong></span> <span class='ocrx_word' id='word_1_41' title='bbox 308 962 467 1034; x_wconf 85' lang='lat' dir='ltr'>distichis</span> <span class='ocrx_word' id='word_1_42' title='bbox 491 982 580 1052; x_wconf 90' lang='lat' dir='ltr'><strong>quae</strong></span> <span class='ocrx_word' id='word_1_43' title='bbox 604 961 778 1032; x_wconf 89' lang='lat' dir='ltr'><strong>monentis</strong></span> <span class='ocrx_word' id='word_1_44' title='bbox 795 962 904 1050; x_wconf 90' lang='lat' dir='ltr'><strong>magis</strong></span> <span class='ocrx_word' id='word_1_45' title='bbox 922 982 1023 1051; x_wconf 90' lang='lat' dir='ltr'><strong>quam</strong></span> <span class='ocrx_word' id='word_1_46' title='bbox 1037 959 1155 1031; x_wconf 89' lang='lat' dir='ltr'><strong>futura</strong></span> <span class='ocrx_word' id='word_1_47' title='bbox 1173 960 1331 1031; x_wconf 89' lang='lat' dir='ltr'><strong>canentis</strong></span> <span class='ocrx_word' id='word_1_48' title='bbox 1346 979 1422 1031; x_wconf 90' lang='lat' dir='ltr'><strong>esse</strong></span> 
     </span>
     <span class='ocr_line' id='line_1_7' title="bbox 152 1084 1422 1179; baseline -0.002 -21"><span class='ocrx_word' id='word_1_49' title='bbox 152 1095 309 1179; x_wconf 87' lang='lat' dir='ltr'><strong>apparet.</strong></span> <span class='ocrx_word' id='word_1_50' title='bbox 340 1085 408 1157; x_wconf 85' lang='lat' dir='ltr'><strong>Sed</strong></span> <span class='ocrx_word' id='word_1_51' title='bbox 431 1087 599 1157; x_wconf 90' lang='lat' dir='ltr'><strong>hactenus</strong></span> <span class='ocrx_word' id='word_1_52' title='bbox 623 1093 743 1156; x_wconf 91' lang='lat' dir='ltr'><strong>contra</strong></span> <span class='ocrx_word' id='word_1_53' title='bbox 762 1084 1054 1155; x_wconf 89' lang='lat' dir='ltr'><strong>Heimreichium:</strong></span> <span class='ocrx_word' id='word_1_54' title='bbox 1085 1106 1174 1155; x_wconf 93' lang='lat' dir='ltr'><strong>nunc</strong></span> <span class='ocrx_word' id='word_1_55' title='bbox 1198 1084 1242 1155; x_wconf 92' lang='lat' dir='ltr'><strong>ad</strong></span> <span class='ocrx_word' id='word_1_56' title='bbox 1261 1084 1422 1156; x_wconf 91' lang='lat' dir='ltr'><strong>Luettio·</strong></span> 
     </span>
     <span class='ocr_line' id='line_1_8' title="bbox 153 1209 1422 1300; baseline -0.002 -19"><span class='ocrx_word' id='word_1_57' title='bbox 153 1212 301 1284; x_wconf 88' lang='lat' dir='ltr'><strong>hannem</strong></span> <span class='ocrx_word' id='word_1_58' title='bbox 318 1211 491 1299; x_wconf 90' lang='lat' dir='ltr'><strong>venimus,</strong></span> <span class='ocrx_word' id='word_1_59' title='bbox 521 1211 580 1300; x_wconf 93' lang='lat' dir='ltr'><strong>qui</strong></span> <span class='ocrx_word' id='word_1_60' title='bbox 602 1211 690 1281; x_wconf 91' lang='lat' dir='ltr'><strong>hanc</strong></span> <span class='ocrx_word' id='word_1_61' title='bbox 714 1210 857 1299; x_wconf 87' lang='lat' dir='ltr'><strong>primam</strong></span> <span class='ocrx_word' id='word_1_62' title='bbox 881 1209 1027 1299; x_wconf 85' lang='lat' dir='ltr'><strong>elegiam</strong></span> <span class='ocrx_word' id='word_1_63' title='bbox 1049 1231 1116 1280; x_wconf 90' lang='lat' dir='ltr'><strong>non</strong></span> <span class='ocrx_word' id='word_1_64' title='bbox 1141 1211 1176 1279; x_wconf 89' lang='lat' dir='ltr'><strong>in</strong></span> <span class='ocrx_word' id='word_1_65' title='bbox 1196 1209 1282 1280; x_wconf 88' lang='lat' dir='ltr'><strong>duas</strong></span> <span class='ocrx_word' id='word_1_66' title='bbox 1300 1216 1422 1298; x_wconf 87' lang='lat' dir='ltr'><strong>partes</strong></span> 
     </span>
     <span class='ocr_line' id='line_1_9' title="bbox 153 1332 1423 1425; baseline 0.001 -20"><span class='ocrx_word' id='word_1_67' title='bbox 153 1334 329 1425; x_wconf 85' lang='lat' dir='ltr'><strong>discerpit,</strong></span> <span class='ocrx_word' id='word_1_68' title='bbox 349 1335 410 1406; x_wconf 91' lang='lat' dir='ltr'><strong>sed</strong></span> <span class='ocrx_word' id='word_1_69' title='bbox 423 1336 492 1405; x_wconf 91' lang='lat' dir='ltr'><strong>tria</strong></span> <span class='ocrx_word' id='word_1_70' title='bbox 511 1356 553 1405; x_wconf 91' lang='lat' dir='ltr'><strong>ex</strong></span> <span class='ocrx_word' id='word_1_71' title='bbox 571 1356 613 1407; x_wconf 90' lang='lat' dir='ltr'><strong>ea</strong></span> <span class='ocrx_word' id='word_1_72' title='bbox 630 1333 715 1405; x_wconf 89' lang='lat' dir='ltr'><strong>facit</strong></span> <span class='ocrx_word' id='word_1_73' title='bbox 733 1335 899 1421; x_wconf 86' lang='lat' dir='ltr'><strong>carmina,</strong></span> <span class='ocrx_word' id='word_1_74' title='bbox 918 1334 1019 1405; x_wconf 92' lang='lat' dir='ltr'><strong>immo</strong></span> <span class='ocrx_word' id='word_1_75' title='bbox 1035 1334 1171 1423; x_wconf 90' lang='lat' dir='ltr'><strong>integra</strong></span> <span class='ocrx_word' id='word_1_76' title='bbox 1186 1335 1340 1404; x_wconf 90' lang='lat' dir='ltr'><strong>carmina</strong></span> <span class='ocrx_word' id='word_1_77' title='bbox 1353 1332 1423 1406; x_wconf 89' lang='lat' dir='ltr'><strong>duo</strong></span> 
     </span>
     <span class='ocr_line' id='line_1_10' title="bbox 151 1456 1423 1549; baseline -0.002 -19"><span class='ocrx_word' id='word_1_78' title='bbox 151 1462 318 1549; x_wconf 89' lang='lat' dir='ltr'><strong>tertiique</strong></span> <span class='ocrx_word' id='word_1_79' title='bbox 336 1459 500 1548; x_wconf 91' lang='lat' dir='ltr'><strong>quasdam</strong></span> <span class='ocrx_word' id='word_1_80' title='bbox 517 1459 607 1529; x_wconf 91' lang='lat' dir='ltr'><strong>male</strong></span> <span class='ocrx_word' id='word_1_81' title='bbox 626 1459 719 1529; x_wconf 92' lang='lat' dir='ltr'><strong>inter</strong></span> <span class='ocrx_word' id='word_1_82' title='bbox 737 1479 775 1529; x_wconf 91' lang='grc'><strong>11</strong></span> <span class='ocrx_word' id='word_1_83' title='bbox 794 1458 1019 1530; x_wconf 85' lang='lat' dir='ltr'><strong>cohaerentes</strong></span> <span class='ocrx_word' id='word_1_84' title='bbox 1037 1459 1237 1547; x_wconf 88' lang='lat' dir='ltr'><strong>particulas.</strong></span> <span class='ocrx_word' id='word_1_85' title='bbox 1253 1456 1319 1530; x_wconf 91' lang='lat' dir='ltr'><strong>Sed</strong></span> <span class='ocrx_word' id='word_1_86' title='bbox 1336 1458 1423 1529; x_wconf 90' lang='lat' dir='ltr'><strong>nihil</strong></span> 
     </span>
     <span class='ocr_line' id='line_1_11' title="bbox 154 1582 1424 1672; baseline -0.002 -17"><span class='ocrx_word' id='word_1_87' title='bbox 154 1585 279 1655; x_wconf 88' lang='lat' dir='ltr'><strong>attinet</strong></span> <span class='ocrx_word' id='word_1_88' title='bbox 294 1604 503 1672; x_wconf 83' lang='lat' dir='ltr'><strong>cognoscere</strong></span> <span class='ocrx_word' id='word_1_89' title='bbox 517 1603 604 1672; x_wconf 90' lang='lat' dir='ltr'><strong>quos</strong></span> <span class='ocrx_word' id='word_1_90' title='bbox 618 1582 677 1652; x_wconf 91' lang='grc'><strong>1111</strong></span> <span class='ocrx_word' id='word_1_91' title='bbox 691 1583 790 1671; x_wconf 90' lang='lat' dir='ltr'><strong>quasi</strong></span> <span class='ocrx_word' id='word_1_92' title='bbox 809 1589 973 1653; x_wconf 87' lang='lat' dir='ltr'><strong>centones</strong></span> <span class='ocrx_word' id='word_1_93' title='bbox 989 1583 1217 1671; x_wconf 89' lang='lat' dir='ltr'><strong>conglutinet:</strong></span> <span class='ocrx_word' id='word_1_94' title='bbox 1234 1583 1299 1654; x_wconf 95' lang='lat' dir='ltr'><strong>hoc</strong></span> <span class='ocrx_word' id='word_1_95' title='bbox 1316 1604 1424 1653; x_wconf 91' lang='lat' dir='ltr'><strong>unum</strong></span> 
     </span>
     <span class='ocr_line' id='line_1_12' title="bbox 155 1706 1423 1798; baseline 0.002 -21"><span class='ocrx_word' id='word_1_96' title='bbox 155 1716 276 1779; x_wconf 91' lang='lat' dir='ltr'><strong>nostra</strong></span> <span class='ocrx_word' id='word_1_97' title='bbox 294 1706 404 1778; x_wconf 88' lang='lat' dir='ltr'><strong>refert</strong></span> <span class='ocrx_word' id='word_1_98' title='bbox 420 1707 545 1796; x_wconf 88' lang='lat' dir='ltr'><strong>quibus</strong></span> <span class='ocrx_word' id='word_1_99' title='bbox 574 1727 743 1796; x_wconf 85' lang='lat' dir='ltr'><strong>quamque</strong></span> <span class='ocrx_word' id='word_1_100' title='bbox 772 1707 967 1777; x_wconf 89' lang='lat' dir='ltr'><strong>rationibus</strong></span> <span class='ocrx_word' id='word_1_101' title='bbox 991 1714 1126 1795; x_wconf 91' lang='lat' dir='ltr'><strong>partem</strong></span> <span class='ocrx_word' id='word_1_102' title='bbox 1147 1728 1189 1777; x_wconf 89' lang='lat' dir='ltr'><strong>ex</strong></span> <span class='ocrx_word' id='word_1_103' title='bbox 1208 1727 1249 1778; x_wconf 91' lang='lat' dir='ltr'><strong>eo</strong></span> <span class='ocrx_word' id='word_1_104' title='bbox 1270 1708 1331 1798; x_wconf 85' lang='lat' dir='ltr'><strong>qui</strong></span> <span class='ocrx_word' id='word_1_105' title='bbox 1350 1714 1423 1779; x_wconf 90' lang='lat' dir='ltr'><strong>tra·</strong></span> 
     </span>
     <span class='ocr_line' id='line_1_13' title="bbox 155 1831 1424 1921; baseline 0.002 -19"><span class='ocrx_word' id='word_1_106' title='bbox 155 1831 249 1903; x_wconf 90' lang='lat' dir='ltr'><strong>ditus</strong></span> <span class='ocrx_word' id='word_1_107' title='bbox 269 1842 323 1902; x_wconf 91' lang='lat' dir='ltr'><strong>est</strong></span> <span class='ocrx_word' id='word_1_108' title='bbox 348 1833 469 1903; x_wconf 91' lang='lat' dir='ltr'><strong>ordine</strong></span> <span class='ocrx_word' id='word_1_109' title='bbox 493 1831 625 1921; x_wconf 85' lang='lat' dir='ltr'><strong>elegiae</strong></span> <span class='ocrx_word' id='word_1_110' title='bbox 655 1832 789 1921; x_wconf 90' lang='lat' dir='ltr'><strong>eripere</strong></span> <span class='ocrx_word' id='word_1_111' title='bbox 813 1841 974 1917; x_wconf 91' lang='lat' dir='ltr'><strong>conetur;</strong></span> <span class='ocrx_word' id='word_1_112' title='bbox 1004 1832 1047 1902; x_wconf 88' lang='lat' dir='ltr'><strong>ad</strong></span> <span class='ocrx_word' id='word_1_113' title='bbox 1070 1852 1172 1921; x_wconf 91' lang='lat' dir='ltr'><strong>quem</strong></span> <span class='ocrx_word' id='word_1_114' title='bbox 1196 1831 1308 1902; x_wconf 92' lang='lat' dir='ltr'><strong>locum</strong></span> <span class='ocrx_word' id='word_1_115' title='bbox 1334 1853 1424 1904; x_wconf 88' lang='lat' dir='ltr'><strong>nunc</strong></span> 
     </span>
     <span class='ocr_line' id='line_1_14' title="bbox 155 1956 1425 2047; baseline 0.002 -20"><span class='ocrx_word' id='word_1_116' title='bbox 155 1957 355 2027; x_wconf 88' lang='lat' dir='ltr'><strong>transimus.</strong></span> <span class='ocrx_word' id='word_1_117' title='bbox 384 1958 437 2027; x_wconf 87' lang='lat' dir='ltr'><strong>Ac</strong></span> <span class='ocrx_word' id='word_1_118' title='bbox 465 1956 615 2045; x_wconf 91' lang='lat' dir='ltr'><strong>primum</strong></span> <span class='ocrx_word' id='word_1_119' title='bbox 644 1956 781 2045; x_wconf 88' lang='lat' dir='ltr'><strong>quidem</strong></span> <span class='ocrx_word' id='word_1_120' title='bbox 806 1976 874 2026; x_wconf 90' lang='grc'><strong>111.</strong></span> <span class='ocrx_word' id='word_1_121' title='bbox 903 1959 949 2026; x_wconf 87' lang='grc'><strong>39</strong></span> <span class='ocrx_word' id='word_1_122' title='bbox 971 1998 1021 2006; x_wconf 90' lang='grc'><strong>-</strong></span> <span class='ocrx_word' id='word_1_123' title='bbox 1044 1960 1103 2026; x_wconf 80' lang='grc'><strong>54.</strong></span> <span class='ocrx_word' id='word_1_124' title='bbox 1126 1978 1169 2027; x_wconf 91' lang='lat' dir='ltr'><strong>ex</strong></span> <span class='ocrx_word' id='word_1_125' title='bbox 1194 1957 1307 2046; x_wconf 90' lang='lat' dir='ltr'><strong>primo</strong></span> <span class='ocrx_word' id='word_1_126' title='bbox 1333 1957 1425 2047; x_wconf 91' lang='lat' dir='ltr'><strong>quod</strong></span> 
     </span>
     <span class='ocr_line' id='line_1_15' title="bbox 154 2079 934 2168; baseline 0 -20"><span class='ocrx_word' id='word_1_127' title='bbox 154 2080 227 2168; x_wconf 91' lang='lat' dir='ltr'><strong>ipse</strong></span> <span class='ocrx_word' id='word_1_128' title='bbox 247 2081 371 2149; x_wconf 88' lang='lat' dir='ltr'><strong>statuit</strong></span> <span class='ocrx_word' id='word_1_129' title='bbox 387 2080 539 2150; x_wconf 87' lang='lat' dir='ltr'><strong>carmine</strong></span> <span class='ocrx_word' id='word_1_130' title='bbox 559 2079 778 2168; x_wconf 90' lang='lat' dir='ltr'><strong>expellendos</strong></span> <span class='ocrx_word' id='word_1_131' title='bbox 798 2087 934 2150; x_wconf 92' lang='lat' dir='ltr'><strong>censet:</strong></span> 
     </span>
    </p>
   </div>
   <div class='ocr_carea' id='block_1_3' title="bbox 266 2324 1341 4029">
    <p class='ocr_par' dir='ltr' id='par_1_3' title="bbox 266 2324 1316 2416">
     <span class='ocr_line' id='line_1_16' title="bbox 266 2324 1316 2416; baseline 0.001 -18"><span class='ocrx_word' id='word_1_132' title='bbox 266 2330 327 2399; x_wconf 88' lang='lat'><strong>39.</strong></span> <span class='ocrx_word' id='word_1_133' title='bbox 347 2326 424 2397; x_wconf 90' lang='lat' dir='ltr'><strong>Huc</strong></span> <span class='ocrx_word' id='word_1_134' title='bbox 444 2325 568 2397; x_wconf 89' lang='lat' dir='ltr'><strong>melius</strong></span> <span class='ocrx_word' id='word_1_135' title='bbox 587 2324 749 2416; x_wconf 90' lang='lat' dir='ltr'><strong>profugos</strong></span> <span class='ocrx_word' id='word_1_136' title='bbox 768 2328 904 2416; x_wconf 89' lang='lat' dir='ltr'><strong>misisti,</strong></span> <span class='ocrx_word' id='word_1_137' title='bbox 925 2328 1041 2416; x_wconf 89' lang='lat' dir='ltr'><strong>Troia,</strong></span> <span class='ocrx_word' id='word_1_138' title='bbox 1061 2329 1227 2416; x_wconf 80' lang='lat' dir='ltr'><strong>Penates3</strong></span> <span class='ocrx_word' id='word_1_139' title='bbox 1313 2331 1316 2336; x_wconf 82' lang='lat'>&#39;</span> 
     </span>
    </p>

    <p class='ocr_par' dir='ltr' id='par_1_4' title="bbox 395 2450 1152 2542">
     <span class='ocr_line' id='line_1_17' title="bbox 395 2450 1152 2542; baseline -0.001 -18"><span class='ocrx_word' id='word_1_140' title='bbox 395 2450 424 2524; x_wconf 92' lang='grc' dir='ltr'>Ο</span> <span class='ocrx_word' id='word_1_141' title='bbox 444 2451 536 2540; x_wconf 87' lang='lat' dir='ltr'><strong>quali</strong></span> <span class='ocrx_word' id='word_1_142' title='bbox 557 2457 658 2522; x_wconf 90' lang='lat' dir='ltr'><strong>vecta</strong></span> <span class='ocrx_word' id='word_1_143' title='bbox 677 2459 732 2521; x_wconf 90' lang='lat' dir='ltr'><strong>est</strong></span> <span class='ocrx_word' id='word_1_144' title='bbox 750 2450 913 2522; x_wconf 89' lang='lat' dir='ltr'><strong>Dardana</strong></span> <span class='ocrx_word' id='word_1_145' title='bbox 931 2453 1055 2542; x_wconf 92' lang='lat' dir='ltr'><strong>puppis</strong></span> <span class='ocrx_word' id='word_1_146' title='bbox 1074 2456 1152 2523; x_wconf 90' lang='lat' dir='ltr'><strong>ave!</strong></span> 
     </span>
    </p>

    <p class='ocr_par' dir='ltr' id='par_1_5' title="bbox 350 2574 1341 2790">
     <span class='ocr_line' id='line_1_18' title="bbox 350 2574 1341 2666; baseline 0.004 -21"><span class='ocrx_word' id='word_1_147' title='bbox 350 2574 424 2645; x_wconf 89' lang='lat' dir='ltr'><strong>Iam</strong></span> <span class='ocrx_word' id='word_1_148' title='bbox 442 2575 529 2645; x_wconf 92' lang='lat' dir='ltr'><strong>bene</strong></span> <span class='ocrx_word' id='word_1_149' title='bbox 548 2575 762 2664; x_wconf 89' lang='lat' dir='ltr'><strong>spondebant</strong></span> <span class='ocrx_word' id='word_1_150' title='bbox 782 2584 861 2647; x_wconf 90' lang='lat' dir='ltr'><strong>tunc</strong></span> <span class='ocrx_word' id='word_1_151' title='bbox 881 2577 1006 2666; x_wconf 90' lang='lat' dir='ltr'><strong>omina,</strong></span> <span class='ocrx_word' id='word_1_152' title='bbox 1026 2577 1118 2666; x_wconf 90' lang='lat' dir='ltr'><strong>quod</strong></span> <span class='ocrx_word' id='word_1_153' title='bbox 1136 2577 1221 2647; x_wconf 89' lang='lat' dir='ltr'><strong>nihil</strong></span> <span class='ocrx_word' id='word_1_154' title='bbox 1242 2578 1341 2650; x_wconf 91' lang='lat' dir='ltr'><strong>illam</strong></span> 
     </span>
     <span class='ocr_line' id='line_1_19' title="bbox 396 2697 1132 2790; baseline 0.003 -24"><span class='ocrx_word' id='word_1_155' title='bbox 396 2697 564 2767; x_wconf 87' lang='lat' dir='ltr'><strong>Laeserat</strong></span> <span class='ocrx_word' id='word_1_156' title='bbox 583 2698 731 2787; x_wconf 90' lang='lat' dir='ltr'><strong>abiegni·</strong></span> <span class='ocrx_word' id='word_1_157' title='bbox 741 2706 861 2769; x_wconf 89' lang='lat' dir='ltr'><strong>venter</strong></span> <span class='ocrx_word' id='word_1_158' title='bbox 879 2707 1020 2788; x_wconf 88' lang='lat' dir='ltr'><strong>apertus</strong></span> <span class='ocrx_word' id='word_1_159' title='bbox 1040 2700 1132 2790; x_wconf 92' lang='lat' dir='ltr'><strong>equi,</strong></span> 
     </span>
    </p>

    <p class='ocr_par' dir='ltr' id='par_1_6' title="bbox 356 2818 1255 3037">
     <span class='ocr_line' id='line_1_20' title="bbox 356 2818 1255 2915; baseline 0.006 -25"><span class='ocrx_word' id='word_1_160' title='bbox 356 2818 443 2890; x_wconf 85' lang='lat' dir='ltr'><strong>Cum</strong></span> <span class='ocrx_word' id='word_1_161' title='bbox 461 2827 562 2908; x_wconf 91' lang='lat' dir='ltr'><strong>pater</strong></span> <span class='ocrx_word' id='word_1_162' title='bbox 581 2823 615 2890; x_wconf 93' lang='lat' dir='ltr'><strong>in</strong></span> <span class='ocrx_word' id='word_1_163' title='bbox 633 2823 730 2911; x_wconf 91' lang='lat' dir='ltr'><strong>gnati</strong></span> <span class='ocrx_word' id='word_1_164' title='bbox 749 2821 906 2911; x_wconf 88' lang='lat' dir='ltr'><strong>trepidus</strong></span> <span class='ocrx_word' id='word_1_165' title='bbox 926 2823 1061 2893; x_wconf 86' lang='lat' dir='ltr'><strong>cervice</strong></span> <span class='ocrx_word' id='word_1_166' title='bbox 1079 2825 1255 2915; x_wconf 82' lang='lat' dir='ltr'><strong>pependit,</strong></span> 
     </span>
     <span class='ocr_line' id='line_1_21' title="bbox 398 2943 1211 3037; baseline 0.006 -23"><span class='ocrx_word' id='word_1_167' title='bbox 398 2943 447 3016; x_wconf 87' lang='lat' dir='ltr'><strong>Et</strong></span> <span class='ocrx_word' id='word_1_168' title='bbox 465 2944 575 3016; x_wconf 87' lang='lat' dir='ltr'><strong>verita</strong></span> <span class='ocrx_word' id='word_1_169' title='bbox 595 2952 649 3016; x_wconf 93' lang='lat' dir='ltr'><strong>est</strong></span> <span class='ocrx_word' id='word_1_170' title='bbox 668 2946 829 3016; x_wconf 90' lang='lat' dir='ltr'><strong>humeros</strong></span> <span class='ocrx_word' id='word_1_171' title='bbox 848 2967 952 3018; x_wconf 91' lang='lat' dir='ltr'><strong>urere</strong></span> <span class='ocrx_word' id='word_1_172' title='bbox 969 2945 1105 3019; x_wconf 88' lang='lat' dir='ltr'><strong>flamma</strong></span> <span class='ocrx_word' id='word_1_173' title='bbox 1125 2948 1211 3037; x_wconf 92' lang='lat' dir='ltr'><strong>pios.</strong></span> 
     </span>
    </p>

    <p class='ocr_par' dir='ltr' id='par_1_7' title="bbox 353 3067 1286 3281">
     <span class='ocr_line' id='line_1_22' title="bbox 353 3067 1286 3163; baseline 0.006 -25"><span class='ocrx_word' id='word_1_174' title='bbox 353 3067 449 3140; x_wconf 84' lang='lat' dir='ltr'><strong>Tunc</strong></span> <span class='ocrx_word' id='word_1_175' title='bbox 471 3070 575 3139; x_wconf 91' lang='lat' dir='ltr'><strong>animi</strong></span> <span class='ocrx_word' id='word_1_176' title='bbox 594 3091 721 3142; x_wconf 90' lang='lat' dir='ltr'><strong>venere</strong></span> <span class='ocrx_word' id='word_1_177' title='bbox 739 3071 839 3161; x_wconf 90' lang='lat' dir='ltr'><strong>Deci,</strong></span> <span class='ocrx_word' id='word_1_178' title='bbox 860 3071 1026 3162; x_wconf 87' lang='lat' dir='ltr'><strong>Brutique</strong></span> <span class='ocrx_word' id='word_1_179' title='bbox 1046 3093 1199 3163; x_wconf 88' lang='lat' dir='ltr'><strong>secures,</strong></span> <span class='ocrx_word' id='word_1_180' title='bbox 1281 3076 1286 3084; x_wconf 87' lang='lat'>&#39;</span> 
     </span>
     <span class='ocr_line' id='line_1_23' title="bbox 397 3191 1176 3281; baseline 0.006 -20"><span class='ocrx_word' id='word_1_181' title='bbox 397 3191 505 3264; x_wconf 91' lang='lat' dir='ltr'><strong>Vexit</strong></span> <span class='ocrx_word' id='word_1_182' title='bbox 524 3193 654 3281; x_wconf 93' lang='lat' dir='ltr'><strong>etipsa</strong></span> <span class='ocrx_word' id='word_1_183' title='bbox 673 3195 725 3264; x_wconf 91' lang='lat' dir='ltr'><strong>sui</strong></span> <span class='ocrx_word' id='word_1_184' title='bbox 747 3193 904 3266; x_wconf 85' lang='lat' dir='ltr'><strong>Caesaris</strong></span> <span class='ocrx_word' id='word_1_185' title='bbox 922 3216 1017 3266; x_wconf 91' lang='lat' dir='ltr'><strong>arma</strong></span> <span class='ocrx_word' id='word_1_186' title='bbox 1036 3195 1176 3268; x_wconf 89' lang='lat' dir='ltr'><strong>Venus:</strong></span> 
     </span>
    </p>

    <p class='ocr_par' dir='ltr' id='par_1_8' title="bbox 353 3318 1178 3533">
     <span class='ocr_line' id='line_1_24' title="bbox 353 3318 1178 3407; baseline 0.006 -20"><span class='ocrx_word' id='word_1_187' title='bbox 353 3321 460 3387; x_wconf 88' lang='lat' dir='ltr'><strong>Arma</strong></span> <span class='ocrx_word' id='word_1_188' title='bbox 480 3318 695 3406; x_wconf 87' lang='lat' dir='ltr'><strong>resurgentis</strong></span> <span class='ocrx_word' id='word_1_189' title='bbox 715 3325 857 3407; x_wconf 91' lang='lat' dir='ltr'><strong>portans</strong></span> <span class='ocrx_word' id='word_1_190' title='bbox 877 3319 1034 3391; x_wconf 90' lang='lat' dir='ltr'><strong>victricia</strong></span> <span class='ocrx_word' id='word_1_191' title='bbox 1053 3320 1178 3392; x_wconf 87' lang='lat' dir='ltr'><strong>Troiae</strong></span> 
     </span>
     <span class='ocr_line' id='line_1_25' title="bbox 398 3441 1061 3533; baseline 0.008 -23"><span class='ocrx_word' id='word_1_192' title='bbox 398 3441 497 3510; x_wconf 85' lang='lat' dir='ltr'><strong>Felix</strong></span> <span class='ocrx_word' id='word_1_193' title='bbox 516 3448 613 3511; x_wconf 87' lang='lat' dir='ltr'><strong>terra</strong></span> <span class='ocrx_word' id='word_1_194' title='bbox 632 3446 712 3512; x_wconf 92' lang='lat' dir='ltr'><strong>tuos</strong></span> <span class='ocrx_word' id='word_1_195' title='bbox 732 3442 836 3531; x_wconf 90' lang='lat' dir='ltr'><strong>cepit,</strong></span> <span class='ocrx_word' id='word_1_196' title='bbox 855 3441 941 3533; x_wconf 89' lang='lat' dir='ltr'><strong>Iule,</strong></span> <span class='ocrx_word' id='word_1_197' title='bbox 963 3444 1061 3515; x_wconf 89' lang='lat' dir='ltr'><strong>deos!</strong></span> 
     </span>
    </p>

    <p class='ocr_par' dir='ltr' id='par_1_9' title="bbox 353 3562 1215 3780">
     <span class='ocr_line' id='line_1_26' title="bbox 353 3562 1215 3658; baseline 0.006 -23"><span class='ocrx_word' id='word_1_198' title='bbox 353 3562 389 3635; x_wconf 92' lang='lat' dir='ltr'><strong>Si</strong></span> <span class='ocrx_word' id='word_1_199' title='bbox 408 3565 508 3636; x_wconf 91' lang='lat' dir='ltr'><strong>modo</strong></span> <span class='ocrx_word' id='word_1_200' title='bbox 529 3565 712 3635; x_wconf 87' lang='lat' dir='ltr'><strong>Avernalis</strong></span> <span class='ocrx_word' id='word_1_201' title='bbox 731 3566 900 3636; x_wconf 90' lang='lat' dir='ltr'><strong>tremulae</strong></span> <span class='ocrx_word' id='word_1_202' title='bbox 920 3569 1054 3638; x_wconf 89' lang='lat' dir='ltr'><strong>cortina</strong></span> <span class='ocrx_word' id='word_1_203' title='bbox 1067 3567 1215 3658; x_wconf 89' lang='lat' dir='ltr'><strong>Sibyllae</strong></span> 
     </span>
     <span class='ocr_line' id='line_1_27' title="bbox 398 3687 1075 3780; baseline 0.006 -22"><span class='ocrx_word' id='word_1_204' title='bbox 398 3687 494 3759; x_wconf 87' lang='lat' dir='ltr'><strong>Dixit</strong></span> <span class='ocrx_word' id='word_1_205' title='bbox 512 3688 686 3760; x_wconf 88' lang='lat' dir='ltr'><strong>Aventino</strong></span> <span class='ocrx_word' id='word_1_206' title='bbox 707 3710 789 3759; x_wconf 89' lang='lat' dir='ltr'><strong>rura</strong></span> <span class='ocrx_word' id='word_1_207' title='bbox 808 3690 935 3778; x_wconf 91' lang='lat' dir='ltr'><strong>pianda</strong></span> <span class='ocrx_word' id='word_1_208' title='bbox 953 3691 1075 3780; x_wconf 88' lang='lat' dir='ltr'><strong>Remo,</strong></span> 
     </span>
    </p>

    <p class='ocr_par' dir='ltr' id='par_1_10' title="bbox 354 3810 1200 4029">
     <span class='ocr_line' id='line_1_28' title="bbox 354 3810 1179 3901; baseline 0.002 -17"><span class='ocrx_word' id='word_1_209' title='bbox 354 3814 427 3884; x_wconf 86' lang='lat' dir='ltr'><strong>Aut</strong></span> <span class='ocrx_word' id='word_1_210' title='bbox 446 3813 475 3883; x_wconf 94' lang='lat' dir='ltr'><strong>si</strong></span> <span class='ocrx_word' id='word_1_211' title='bbox 495 3810 706 3901; x_wconf 88' lang='lat' dir='ltr'><strong>Pergameae</strong></span> <span class='ocrx_word' id='word_1_212' title='bbox 726 3833 803 3883; x_wconf 93' lang='lat' dir='ltr'><strong>sero</strong></span> <span class='ocrx_word' id='word_1_213' title='bbox 823 3822 899 3885; x_wconf 89' lang='lat' dir='ltr'><strong>rata</strong></span> <span class='ocrx_word' id='word_1_214' title='bbox 917 3816 1073 3886; x_wconf 89' lang='lat' dir='ltr'><strong>carmina</strong></span> <span class='ocrx_word' id='word_1_215' title='bbox 1090 3816 1179 3886; x_wconf 88' lang='lat' dir='ltr'><strong>vatis</strong></span> 
     </span>
     <span class='ocr_line' id='line_1_29' title="bbox 398 3936 1200 4029; baseline 0.004 -23"><span class='ocrx_word' id='word_1_216' title='bbox 398 3936 618 4025; x_wconf 85' lang='lat' dir='ltr'><strong>Longaevum</strong></span> <span class='ocrx_word' id='word_1_217' title='bbox 639 3936 682 4007; x_wconf 89' lang='lat' dir='ltr'><strong>ad</strong></span> <span class='ocrx_word' id='word_1_218' title='bbox 701 3936 832 4007; x_wconf 91' lang='lat' dir='ltr'><strong>Priami</strong></span> <span class='ocrx_word' id='word_1_219' title='bbox 853 3959 936 4009; x_wconf 90' lang='lat' dir='ltr'><strong>vera</strong></span> <span class='ocrx_word' id='word_1_220' title='bbox 954 3937 1051 4009; x_wconf 86' lang='lat' dir='ltr'><strong>luere</strong></span> <span class='ocrx_word' id='word_1_221' title='bbox 1072 3946 1200 4029; x_wconf 88' lang='lat' dir='ltr'><strong>caput:</strong></span> 
     </span>
    </p>
   </div>
   <div class='ocr_carea' id='block_1_4' title="bbox 355 4045 1340 4278">
    <p class='ocr_par' dir='ltr' id='par_1_11' title="bbox 355 4045 1340 4278">
     <span class='ocr_line' id='line_1_30' title="bbox 355 4045 1340 4150; baseline 0.009 -21"><span class='ocrx_word' id='word_1_222' title='bbox 355 4058 556 4130; x_wconf 89' lang='lat' dir='ltr'><strong>-Vertite</strong></span> <span class='ocrx_word' id='word_1_223' title='bbox 576 4081 703 4150; x_wconf 90' lang='lat' dir='ltr'><strong>equum</strong></span> <span class='ocrx_word' id='word_1_224' title='bbox 722 4061 847 4134; x_wconf 91' lang='lat' dir='ltr'><strong>Danai!</strong></span> <span class='ocrx_word' id='word_1_225' title='bbox 861 4045 956 4135; x_wconf 44' lang='lat' dir='ltr'><strong>wmale</strong></span> <span class='ocrx_word' id='word_1_226' title='bbox 976 4063 1133 4135; x_wconf 90' lang='lat' dir='ltr'><strong>vincitis:</strong></span> <span class='ocrx_word' id='word_1_227' title='bbox 1154 4063 1219 4136; x_wconf 90' lang='lat' dir='ltr'><strong>Ilia</strong></span> <span class='ocrx_word' id='word_1_228' title='bbox 1238 4065 1340 4138; x_wconf 91' lang='lat' dir='ltr'><strong>tellus</strong></span> 
     </span>
     <span class='ocr_line' id='line_1_31' title="bbox 400 4182 1279 4278; baseline 0.009 -25"><span class='ocrx_word' id='word_1_229' title='bbox 400 4182 516 4273; x_wconf 84' lang='lat' dir='ltr'><strong>Vivet,</strong></span> <span class='ocrx_word' id='word_1_230' title='bbox 538 4191 573 4255; x_wconf 91' lang='lat' dir='ltr'><strong>et</strong></span> <span class='ocrx_word' id='word_1_231' title='bbox 591 4185 672 4257; x_wconf 90' lang='lat' dir='ltr'><strong>huic</strong></span> <span class='ocrx_word' id='word_1_232' title='bbox 690 4185 797 4257; x_wconf 90' lang='lat' dir='ltr'><strong>cineri</strong></span> <span class='ocrx_word' id='word_1_233' title='bbox 816 4187 974 4278; x_wconf 91' lang='lat' dir='ltr'><strong>Iuppiter</strong></span> <span class='ocrx_word' id='word_1_234' title='bbox 992 4190 1088 4258; x_wconf 82' lang='lat' dir='ltr'><strong>ar&#39;ma</strong></span> <span class='ocrx_word' id='word_1_235' title='bbox 1106 4189 1214 4260; x_wconf 88' lang='lat' dir='ltr'><strong>dabit.</strong></span> <span class='ocrx_word' id='word_1_236' title='bbox 1229 4229 1279 4239; x_wconf 92' lang='lat'><strong>—-</strong></span> 
     </span>
    </p>
   </div>
   <div class='ocr_carea' id='block_1_5' title="bbox 159 4427 1434 4651">
    <p class='ocr_par' dir='ltr' id='par_1_12' title="bbox 159 4427 1434 4651">
     <span class='ocr_line' id='line_1_32' title="bbox 160 4427 1433 4524; baseline 0.009 -26"><span class='ocrx_word' id='word_1_237' title='bbox 160 4427 249 4499; x_wconf 92' lang='lat' dir='ltr'><strong>Nam</strong></span> <span class='ocrx_word' id='word_1_238' title='bbox 269 4450 381 4519; x_wconf 90' lang='lat' dir='ltr'><strong>neque</strong></span> <span class='ocrx_word' id='word_1_239' title='bbox 400 4431 475 4502; x_wconf 92' lang='lat' dir='ltr'><strong>huc</strong></span> <span class='ocrx_word' id='word_1_240' title='bbox 490 4432 524 4502; x_wconf 92' lang='lat' dir='ltr'><strong>in</strong></span> <span class='ocrx_word' id='word_1_241' title='bbox 544 4454 593 4504; x_wconf 89' lang='lat' dir='ltr'><strong>vs.</strong></span> <span class='ocrx_word' id='word_1_242' title='bbox 617 4437 678 4505; x_wconf 83' lang='lat'><strong>39.</strong></span> <span class='ocrx_word' id='word_1_243' title='bbox 698 4434 828 4505; x_wconf 90' lang='lat' dir='ltr'><strong>habere</strong></span> <span class='ocrx_word' id='word_1_244' title='bbox 848 4455 915 4524; x_wconf 89' lang='lat' dir='ltr'><strong>qno</strong></span> <span class='ocrx_word' id='word_1_245' title='bbox 935 4435 1122 4523; x_wconf 87' lang='lat' dir='ltr'><strong>referatur,</strong></span> <span class='ocrx_word' id='word_1_246' title='bbox 1143 4437 1210 4507; x_wconf 92' lang='lat' dir='ltr'><strong>etsi</strong></span> <span class='ocrx_word' id='word_1_247' title='bbox 1223 4436 1362 4507; x_wconf 89' lang='lat' dir='ltr'><strong>latium</strong></span> <span class='ocrx_word' id='word_1_248' title='bbox 1384 4440 1433 4510; x_wconf 93' lang='lat' dir='ltr'><strong>si·</strong></span> 
     </span>
     <span class='ocr_line' id='line_1_33' title="bbox 159 4550 1434 4651; baseline 0.011 -28"><span class='ocrx_word' id='word_1_249' title='bbox 159 4550 316 4644; x_wconf 87' lang='lat' dir='ltr'><strong>gnificari</strong></span> <span class='ocrx_word' id='word_1_250' title='bbox 343 4562 501 4644; x_wconf 91' lang='lat' dir='ltr'><strong>apertum</strong></span> <span class='ocrx_word' id='word_1_251' title='bbox 531 4557 593 4648; x_wconf 79' lang='lat' dir='ltr'><strong>sit3</strong></span> <span class='ocrx_word' id='word_1_252' title='bbox 624 4579 687 4628; x_wconf 89' lang='lat' dir='ltr'><strong>nec</strong></span> <span class='ocrx_word' id='word_1_253' title='bbox 714 4559 858 4631; x_wconf 90' lang='lat' dir='ltr'><strong>melius</strong></span> <span class='ocrx_word' id='word_1_254' title='bbox 885 4581 989 4651; x_wconf 89' lang='lat' dir='ltr'><strong>posse</strong></span> <span class='ocrx_word' id='word_1_255' title='bbox 1012 4560 1190 4650; x_wconf 91' lang='lat' dir='ltr'><strong>explicari,</strong></span> <span class='ocrx_word' id='word_1_256' title='bbox 1220 4581 1297 4632; x_wconf 88' lang='lat' dir='ltr'><strong>com</strong></span> <span class='ocrx_word' id='word_1_257' title='bbox 1320 4563 1434 4637; x_wconf 89' lang='lat' dir='ltr'><strong>Roma</strong></span> 
     </span>
    </p>
   </div>
   <div class='ocr_carea' id='block_1_6' title="bbox 0 0 1596 5146">
    <p class='ocr_par' dir='ltr' id='par_1_13' title="bbox 0 0 1596 5146">
     <span class='ocr_line' id='line_1_34' title="bbox 0 0 1596 5146; baseline 0 0"><span class='ocrx_word' id='word_1_258' title='bbox 0 0 1596 5146; x_wconf 95' lang='lat' dir='ltr'><strong> </strong></span> 
     </span>
    </p>
   </div>
  </div>
 </body>
</html>
