3166 5146
688 231 898 299 ..22-

151 442 293 532 liquias.
338 440 461 531 Neque
478 459 562 510 vero
590 458 632 509 ex
659 438 727 510 illis
745 438 906 511 versibus
925 439 1114 529 quidquam
1132 439 1328 527 argumenti
1347 438 1428 509 duci

157 571 308 658 oportet,
329 565 453 655 quibus
471 584 510 635 se
528 564 736 654 Propertius
753 564 790 634 in
809 563 920 653 prima
938 562 1049 652 elegia
1066 580 1166 633 sacra
1184 560 1325 651 diesque
1345 570 1426 633 can'·

156 697 310 763 taturum
343 689 516 777 declarat;
552 689 620 760 nisi
657 686 747 760 forte
779 688 900 760 eadem
934 689 1067 759 ratione
1096 685 1258 759 Ovidium
1291 702 1426 776 quoqne

157 814 307 887 Enniani
325 813 464 904 generis
482 831 605 903 poema
622 818 775 884 tentasse
793 812 982 901 existimes,
1003 811 1094 900 quod
1113 812 1148 881 in
1166 812 1240 900 ipso
1260 813 1427 882 Amorum

156 938 276 1030 initio,
304 941 413 1009 Arma
435 937 535 1027 graui
556 957 717 1024 numero,
743 937 872 1026 inquit,
901 936 1119 1026 violentaque
1146 934 1236 1006 bella
1261 935 1430 1028 parabam,

21 1084 24 1093 ·
157 1061 285 1135 Edere.
305 1060 394 1133 Illud
412 1061 529 1151 potius
542 1061 870 1148 animadverterent,
891 1059 1053 1132 Ovidium
1068 1060 1173 1131 etiam
1187 1066 1224 1130 et
1236 1059 1425 1130 Amoribus

156 1186 243 1259 illud
262 1187 305 1258 de
323 1186 461 1257 Iunonis
480 1204 578 1256 sacro
597 1185 815 1256 Faliscorum
833 1185 912 1276 (ΙΙΙ,
934 1186 996 1274 13)
1023 1190 1060 1255 et
1087 1182 1260 1255 Tristibus
1278 1182 1362 1254 illud
1381 1182 1425 1255 de
1501 1234 1505 1241 .

156 1311 274 1383 Tomis
290 1330 427 1382 carmen
442 1309 518 1400 (III,
531 1309 568 1400 9)
577 1309 777 1397 inseruisse3
793 1315 833 1380 nt
849 1309 1046 1380 huiusmodi
1060 1309 1212 1380 carmina
1225 1308 1278 1378 vel
1292 1307 1426 1396 singula

154 1420 400 1506 constare'nec
419 1453 483 1525 pro
502 1431 704 1523 fragmentis
725 1434 893 1504 maiorum
910 1439 1108 1522 poematum
1131 1431 1330 1522 accipienda
1349 1451 1425 1503 esse

11 1612 15 1619 .
153 1558 398 1648 intelligerent.
412 1566 415 1571 ’
427 1557 559 1628 Verum
578 1557 636 1646 sit,
655 1566 694 1628 ut
712 1557 843 1644 solunt3
862 1557 1043 1646 scripserit
1062 1556 1118 1627 vel
1136 1555 1307 1627 inchoarit
1326 1561 1422 1627 certe

152 1682 377 1774 PropertiuS,
406 1680 499 1771 quod
527 1701 590 1753 nec
617 1678 763 1770 perfecit
790 1701 902 1771 neque
931 1681 1064 1770 attigit:
1093 1687 1208 1751 tamen
1236 1699 1279 1749 ne
1307 1687 1425 1750 cetera

155 1807 293 1898 quidam
313 1805 454 1878 concedi
473 1803 662 1896 oportebit.
683 1803 757 1877 Gur
776 1805 866 1877 enim
885 1802 1031 1876 Ouidius
1049 1803 1241 1894 fragmenta
1253 1804 1339 1876 talia
1352 1824 1425 1874 me·

152 1936 325 2019 moraret,
363 1949 439 2000 cum
468 1930 543 2018 ipsa
571 1949 637 2000 non
664 1927 859 2018 fragmenta
886 1930 946 2001 sed
974 1951 1133 2019 magnum
1162 1935 1199 2000 et
1224 1929 1423 2000 continuum

152 2074 275 2144 poema
293 2053 413 2125 similis
432 2053 626 2142 argumenti
645 2051 790 2124 ederet?
821 2056 874 2125 Ac
894 2073 958 2125 cur
975 2053 1196 2143 Propertius,
1216 2053 1248 2124 si
1265 2061 1343 2125 erat
1359 2053 1424 2124 ali·

154 2177 292 2267 quando
313 2177 450 2266 epicum
466 2197 589 2266 poema
601 2196 844 2266 aggressurus,
857 2198 925 2248 non
940 2183 1078 2267 poterat
1096 2179 1188 2249 idem
1206 2178 1424 2249 nihilominus

154 2304 199 2376 ad
208 2303 333 2374 Fastcs
348 2300 549 2373 scribendos
568 2302 719 2372 animum
738 2300 935 2391 applicare?
953 2301 1168 2392 Quamquam
1185 2323 1259 2390 nos,
1279 2312 1319 2373 ut
1337 2303 1421 2373 dixi-

155 2446 249 2517 mus,
280 2446 392 2516 neqne
415 2425 502 2496 illud
519 2425 708 2497 verisimile
727 2432 890 2514 putamus
909 2447 1021 2517 neque
1040 2425 1202 2500 Ouidium
1219 2431 1298 2496 ante
1316 2430 1420 2496 Amo-

154 2571 211 2622 res
225 2550 366 2622 annales
381 2550 515 2639 aliquos
530 2549 701 2639 attigisse.
721 2547 811 2620 Nam
826 2571 913 2641 quae
927 2550 1093 2622 orationis
1110 2550 1282 2640 premitur
1302 2550 1424 2620 simili-

154 2673 458 2761 tudoaGsruttio,
478 2673 578 2744 cuius
595 2674 632 2743 in
649 2673 894 2745 documentum
912 2674 1251 2763 primam'Propertii
1273 2673 1423 2761 elegiam

155 2817 234 2869 cum
254 2794 370 2868 Ovidii
383 2796 499 2867 Fastis
509 2804 545 2866 et
555 2800 643 2866 Arte
653 2796 802 2867 Amandi
816 2804 1004 2887 comparat,
1019 2817 1061 2868 ea
1073 2797 1257 2868 maximam
1271 2803 1422 2886 partem,

156 2927 196 2992 ut
210 2921 403 2992 rectissime
422 2918 509 2991 dicit
525 2919 808 3011 Luettiohannes,
829 2941 948 2996 rerum
964 2921 1186 2992 similitudine
1199 2927 1303 3011 atque
1318 2941 1422 3011 argu·

153 3046 261 3116 menti
280 3045 489 3132 continetur,
518 3051 689 3134 quatenus
715 3050 830 3117 autem
853 3044 1037 3116 verborum
1056 3045 1165 3134 magia
1185 3065 1285 3135 quam
1304 3065 1425 3116 rerum

153 3176 219 3260 est,
237 3157 309 3240 tam
329 3169 399 3241 late
417 3177 513 3262 patet
530 3176 669 3258 tamque
688 3189 807 3240 omnes
826 3170 870 3241 ad
887 3168 1064 3259 Propertii
1082 3168 1191 3240 libros
1207 3170 1369 3259 pertinet,
1385 3175 1425 3241 ut

153 3300 216 3366 aut
233 3293 317 3364 nihil
336 3293 542 3383 suspicionis
560 3299 696 3362 moueat
721 3298 783 3363 aut
808 3293 968 3364 omnibns
990 3293 1066 3363 eins
1086 3293 1295 3364 carminibus
1312 3293 1423 3365 multa

154 3417 326 3507 amputari
355 3421 533 3508 oporteat,
567 3436 656 3506 quae
683 3415 726 3486 ab
754 3415 911 3487 omnibus
937 3416 1093 3505 partibus
1120 3424 1199 3489 tuta
1224 3414 1417 3503 uideantur.

154 3538 254 3627 Quod
272 3562 340 3631 quo
358 3541 467 3630 magis
486 3546 670 3630 appareat,
690 3560 768 3610 cum
786 3541 898 3629 ipsum
916 3540 1030 3612 locum
1047 3522 1238 3630 Propertii,
1262 3541 1320 3630 qui
1339 3541 1416 3612 nul·

151 3665 221 3736 lam
235 3686 384 3757 unquam
394 3666 549 3736 auctoris
562 3665 793 3754 suspicionem
803 3664 910 3735 movit
919 3665 1235 3756 cuiusqneaprimo
1249 3666 1419 3738 uocabulo

154 3789 264 3862 omnis
292 3789 383 3861 liber
410 3789 544 3879 primus
567 3808 690 3858 nomen
713 3788 861 3877 accepit,
890 3789 1024 3860 initium
1051 3788 1128 3860 dico
1156 3790 1286 3878 primae
1315 3789 1421 3878 primi

154 3913 236 3985 libri
256 3914 406 4005 elegiae,
426 3934 503 3986 cum
523 3911 638 3985 Ovidii
658 3911 827 3983 similibus
845 3913 1004 3986 versibus
1023 3911 1255 3986 conferemus:

233 4161 294 4232 Pr.
320 4166 351 4232 l.
373 4159 525 4252 Cynthia
543 4161 656 4250 prima
674 4161 747 4232 suis
767 4161 931 4234 miserum
949 4183 1004 4233 me
1023 4162 1115 4253 cepit
1133 4163 1262 4236 ocellis.

234 4284 299 4357 Ov.
319 4284 397 4356 Am.
417 4284 483 4374 III,
507 4290 566 4375 ll,
587 4287 649 4357 43.
668 4285 804 4376 Perque
823 4292 902 4358 tuos
920 4287 1036 4358 oculos
1055 4288 1114 4377 qui
1132 4308 1279 4378 rapuere
1298 4307 1405 4359 meos.
1448 4369 1449 4372 Ἴ

233 4409 293 4481 Pr.
318 4412 351 4481 3.
373 4409 460 4481 Tum
479 4410 564 4481 mihi
582 4411 774 4482 constantis
793 4409 920 4483 deiecit
936 4411 1066 4482 lumina
1083 4410 1191 4483 fastus
1202 4451 1252 4463 -

233 4535 316 4606 Her.
337 4532 401 4625 XI,
423 4536 484 4608 35.
504 4533 639 4607 Erubui
657 4536 860 4628 gremioque
876 4535 990 4625 pudor
1009 4537 1135 4607 deiecit
1152 4536 1290 4608 ocellos.
