3166 5146
630 234 839 302 ‚59-

257 445 305 518 Ut
325 445 431 518 rediit
448 446 593 534 animus,
613 445 746 534 pariter
765 445 898 515 rediere
919 443 1071 527 dolores;

309 571 458 641 Pectora
475 570 649 660 legitimus
670 576 766 640 casta
784 569 971 640 momordit
989 588 1098 637 amor.

256 684 330 766 Nec
349 690 432 765 mihi
450 696 639 784 pectendos
657 714 741 764 cura
760 700 813 764 est
832 694 999 782 praebere
1019 692 1181 780 capillos:

311 819 384 890 Nec
404 819 489 889 libet
508 826 630 890 aurata
650 838 796 907 corpora
815 817 1002 907 veste‘tegi
1023 858 1072 867 -
1160 837 1167 852 ·

170 964 229 1032 35.
261 960 480 1032 Conveniunt
499 968 628 1031 matres
647 959 875 1049 Phylaceides
895 959 1033 1030 etmihi
1053 959 1222 1030 clamant:
1317 976 1321 984 ·

311 1086 420 1156 Indue
439 1086 587 1175 regales,
608 1083 807 1172 Laodamia,
828 1085 935 1154 sinus.

259 1207 400 1281 Scilicet
417 1209 493 1299 ipsa
512 1229 628 1297 geram
648 1214 823 1279 saturatas
842 1209 974 1278 murice
995 1214 1120 1293 vestes,

312 1334 411 1404 Bella
431 1334 495 1404 sub
515 1333 631 1403 Iliacis
651 1333 832 1403 moenibus
851 1332 909 1401 ille
928 1332 1052 1421 gerat?

259 1476 340 1566 Ipsa
358 1496 473 1547 comcs
493 1483 631 1563 pectar:
651 1476 752 1564 galea
770 1481 873 1568 caput
892 1474 949 1543 ille
968 1472 1173 1562 preinatur?

312 1600 393 1688 Ipsa
411 1620 518 1669 novas
537 1605 671 1669 vestes:
694 1599 781 1669 dura
800 1599 853 1668 vir
872 1619 968 1668 arma
986 1596 1099 1667 ferat?

260 1721 334 1810 Quo
353 1743 494 1811 possum
513 1721 672 1812 squalore
690 1729 771 1793 tuos
791 1723 925 1792 11111111
942 1721 1080 1791 labores

310 1845 436 1917 Dicar:
459 1847 596 1937 ethaec
616 1845 696 1916 belli
715 1852 872 1934 tempora
891 1847 1003 1915 tristis
1022 1865 1132 1934 agam.

183 2053 334 2142 Quarta
354 2057 387 2126 11
407 2056 517 2145 elegia
536 2058 657 2127 haeret
676 2055 946 2126 Luettiohannes
966 2055 1001 2125 in
1021 2077 1088 2125 vss.
1112 2059 1172 2126 27.
1194 2077 1220 2124 s.

258 2267 420 2356 Dumque
440 2267 535 2338 subit
554 2267 663 2356 primo
685 2266 860 2356 Capitolia
878 2267 996 2337 nubila
1014 2265 1108 2337 fumo
1143 2358 1146 2366 Ι

313 2390 463 2460 Rettulit
481 2391 628 2460 hirsutis
646 2391 790 2460 brachia
809 2390 1094 2460 1111111111.-

103 2601 224 2691 Neque
243 2600 333 2671 enim
354 2621 429 2690 que
452 2600 624 2689 particula
647 2607 717 2671 tam
742 2599 914 2670 diversam
938 2620 1011 2669 rem
1037 2599 1080 2669 ad
1104 2619 1143 2669 ea
1169 2617 1257 2688 quae
1279 2597 1376 2685 prius

102 2730 289 2796 narrentur
310 2744 410 2812 posse
429 2724 528 2813 addi,
548 2745 612 2795 nec
633 2724 718 2795 satis
738 2723 906 2814 intelligi,
931 2725 990 2812 qui
1007 2723 1154 2814 Tarpeia
1172 2723 1244 2793 sive
1265 2741 1376 2810 aquae

101 2851 271 2939 petendae
290 2849 362 2920 1111
380 2849 552 2921 lustrandi
572 2869 677 2920 causa
694 2869 807 2937 mane,
828 2855 867 2920 ut
886 2849 993 2919 moris
1012 2846 1130 2938 luerit,
1147 2867 1290 2936 egressa
1317 2854 1377 2916 aut

102 2975 138 3045 in
153 2975 259 3045 rubos
273 2975 438 3045 inciderit
456 2981 528 3061 aut,
549 2994 626 3044 cum
645 2973 781 3060 vesperi
799 2973 938 3043 domum
954 2973 1089 3043 redisse
1104 2972 1250 3060 dicatur,
1266 2979 1376 3042 totum

103 3100 138 3169 in
157 3097 313 3169 fontibus
333 3098 423 3168 diem
444 3095 709 3184 consumpserit.
726 3093 816 3165 Nam
836 3094 980 3166 lustrari
993 3095 1150 3184 potuisse
1169 3095 1377 3166 brevissimo

102 3232 278 3311 tempore:
303 3220 434 3292 Vestae
458 3218 583 3290 afferre
612 3240 737 3309 aquam
764 3219 938 3291 debuisse.
963 3219 1152 3290 Praeterea
1170 3219 1273 3290 etiam
1294 3239 1377 3308 que·

102 3347 192 3417 reias
207 3346 294 3436 eius,
315 3365 403 3436 quae
422 3351 613 3434 sequuntur
633 3365 654 3414 a
673 3360 722 3414 vs.
745 3346 820 3434 31,
842 3350 939 3415 certa
953 3346 1102 3434 quadam
1117 3366 1156 3415 re
1172 3351 1295 3433 motas,
1311 3364 1377 3415 nou

105 3480 236 3542 temere
264 3468 392 3540 effundi
419 3467 543 3539 videri.
567 3469 754 3556 -Quocirca
784 3475 864 3539 ante
889 3490 940 3539 vs.
970 3473 1031 3539 27.
1052 3471 1175 3541 statuit
1197 3466 1378 3541 nonnullos

105 3616 226 3667 versus
244 3594 424 3681 excidisse,
445 3593 571 3684 quibus
589 3599 794 3664 narraretur
814 3593 997 3680 Tarpeiam
1012 3593 1068 3663 die
1087 3595 1236 3683 quodam
1254 3594 1290 3663 iu
1309 3594 1380 3683 pla·

104 3720 223 3791 1111111
243 3719 443 3809 degressum
463 3714 564 3787 'latio
582 3723 813 3806 persequente
833 3715 1021 3805 aufugisse,
1042 3717 1185 3807 eiusque
1206 3718 1379 3788 narratio-

105 3844 160 3916 nis
178 3849 352 3915 extremos
371 3841 478 3915 fuisse
497 3861 618 3913 versus
639 3844 700 3912 71.
721 3850 756 3912 11
777 3844 838 3912 72.

265 4054 330 4125 Illa
349 4054 421 4123 ruit
439 4055 550 4144 qualis
571 4053 720 4125 celerem
739 4073 847 4142 prope
866 4052 1125 4124 Thermodonta

322 4175 515 4269 Strymonis
535 4178 691 4250 abscisso
711 4175 824 4248 fertur
843 4186 963 4268 aperta
983 4178 1072 4268 sinu,
1095 4218 1141 4229 -
1159 4178 1202 4268 (²¹¹)

108 4367 425 4379 -α--Ἦ

163 4491 199 4560 (*)
211 4491 268 4545 Nos
284 4505 343 4544 eam
358 4506 455 4545 versus
469 4489 584 4544 formam
597 4491 771 4560 protulimus,
791 4507 862 4559 quae
881 4498 909 4546 et
927 4492 956 4544 in
972 4490 1110 4547 codicibus
1125 4500 1167 4548 est
1182 4499 1209 4546 11
1224 4493 1303 4548 uobis
1317 4507 1379 4560 pro-

110 4579 198 4634 batur.
220 4580 259 4633 At
282 4579 501 4634 Luettiohannes
524 4580 644 4634 marcuit:
673 4579 823 4650 Strymonis
847 4581 1007 4635 abscissum
1031 4580 1121 4636 fertur
1144 4586 1243 4649 aperta
1265 4582 1380 4635 sinum-
