3166 5146
815 234 1028 300 ..44-

289 443 614 512 commemoratione
633 443 735 513 simul
756 463 841 514 ausa
859 441 1049 533 praebetur
1075 440 1119 512 ad
1139 441 1324 513 Gaesarem
1347 447 1557 531 gentemque

287 565 410 636 Iuliam
428 565 683 638 celebrandam.

323 741 325 746 .
366 687 435 759 Sed
458 708 642 778 pergamus
670 692 713 763 66
742 690 919 779 proximos
947 711 1070 761 161666
1098 710 1184 780 6666
1202 689 1482 761 Luettiohannes
1501 709 1557 780 op·

285 819 428 902 pugnat.
448 812 536 883 Nam
554 816 589 884 in
609 835 642 902 p.
664 817 726 886 43.
747 835 814 884 166.
838 817 898 885 65.
919 819 1036 886 6166.

392 1006 603 1080 scandentes
621 1009 651 1080 si
670 1010 748 1099 quis
767 1016 887 1081 cernet
905 1010 948 1080 66
966 1009 1113 1080 16111666
1132 1030 1244 1098 61666,

444 1131 586 1223 Ingenio
605 1154 724 1204 muros
744 1134 904 1204 aestimet
922 1132 981 1204 ille
1000 1154 1076 1203 meo
1098 1174 1147 1184 -

285 1326 416 1399 ideirco
434 1328 664 1417 interpolatos
682 1335 785 1418 atque
804 1349 846 1398 ex
871 1330 956 1398 125.
978 1348 1005 1398 6.

392 1523 665 1611 Scandentisqne
684 1523 780 1593 Asisi
799 1523 979 1612 consurgit
997 1522 1126 1593 vertice
1146 1542 1278 1610 616166,

444 1647 569 1718 Μ6166
587 1648 630 1719 ab
650 1647 789 1736 ingenio
809 1647 924 1718 notior
944 1647 1002 1717 1116
1022 1655 1082 1716 166
1106 1685 1152 1698 -

286 1861 467 1930 expressos
495 1849 616 1932 putat,
645 1842 726 1932 qnia
752 1843 953 1913 hexametro
981 1841 1042 1911 alti
1070 1846 1204 1911 montes
1233 1837 1495 1929 significentur,
1523 1841 1555 1909 in

286 1972 514 2054 pentametro,
541 1967 630 2054 quod
651 1967 695 2036 66
714 1966 801 2036 61166
828 1975 961 2036 16611166
990 1965 1073 2035 nihil
1096 1965 1243 2036 attineat
1270 1969 1398 2054 poetae
1417 1964 1553 2054 ingenio

285 2090 416 2178 augeri,
445 2090 562 2177 parvis
585 2090 627 2160 de
651 2090 826 2160 montibus
855 2090 1038 2179 cogitetur.
1069 2089 1118 2159 At
1146 2109 1207 2159 cur
1235 2089 1297 2159 alti
1324 2089 1490 2160 montes?
1517 2088 1552 2160 Si

142 2216 146 2223 '
234 2225 236 2230 '
284 2210 374 2284 forte
393 2219 538 2302 propter
562 2213 825 2284 scandentes:
850 2214 915 2284 hoc
939 2212 1047 2283 verbo
1075 2212 1169 2283 nulla
1195 2212 1398 2302 magnitudo
1418 2212 1549 2282 indica-

164 2393 167 2399 .
282 2341 352 2427 tur,
372 2337 434 2409 sed
453 2337 591 2408 scandit
610 2337 778 2427 quidquid
797 2359 866 2407 uon
885 2338 988 2426 16661,
1017 2358 1140 2408 161616
1164 2345 1320 2407 61661616
1340 2341 1404 2427 661,
1421 2336 1494 2407 6116
1511 2333 1547 2406 16

282 2483 444 2552 magnum
463 2470 516 2533 est
535 2463 607 2532 6116
625 2483 781 2553 6611616.
802 2462 879 2534 Nec
899 2461 1009 2552 magis
1034 2481 1179 2549 usquam
1198 2481 1323 2550 parvos
1344 2466 1481 2531 montes
1498 2458 1546 2530 vel

282 2606 400 2656 166166
419 2585 594 2674 designari
608 2585 778 2657 11661666.
793 2586 889 2676 Ergo
907 2586 973 2658 hoc
994 2608 1098 2656 unum
1118 2586 1259 2675 dieitur,
1281 2586 1309 2655 si
1326 2586 1406 2675 quis
1419 2586 1541 2675 patriae

281 2707 456 2798 Propertii
476 2728 595 2778 muros
615 2708 743 2796 116661,
764 2709 794 2778 16
814 2730 874 2779 666
895 2717 966 2780 1616
985 2730 1128 2799 magnos
1142 2710 1196 2779 vel
1210 2709 1346 2780 nobiles
1359 2710 1538 2781 arbitretur

283 2853 384 2923 quam
405 2831 479 2902 eius
498 2832 674 2922 ingenium
694 2834 855 2921 magnum
883 2833 938 2904 sit.
969 2833 1137 2923 Magnum
1160 2839 1276 2904 autem
1299 2834 1366 2905 hoc
1392 2854 1474 2906 esse
1492 2832 1547 2905 etsi

282 2955 375 3026 haud
394 2956 498 3026 dubie
516 2964 622 3046 66616
641 2958 774 3048 statuit,
800 2978 868 3028 non
887 2958 944 3030 hic
963 2967 1078 3030 tamen
1100 2957 1162 3029 sed
1182 2956 1428 3048 superioribus
1448 2957 1548 3031 versi·

281 3082 346 3153 hus
366 3079 529 3152 declarat.
550 3079 646 3169 Quae
671 3083 786 3152 omnia
808 3083 942 3172 pridem
963 3084 1049 3154 vidit
1073 3082 1328 3172 Hertzbergius
1352 3082 1550 3172 similesque

281 3206 345 3276 hos
365 3207 458 3277 locos
478 3207 659 3295 ascripsit:

333 3400 488 3471 Martial.
513 3398 542 3487 Ι,
565 3403 626 3488 62,
649 3403 683 3471 3.
705 3398 876 3471 Censetur
890 3402 1013 3490 Apona
1031 3401 1131 3473 Livio
1151 3423 1214 3473 suo
1233 3402 1337 3474 tellus
1352 3443 1401 3455 -

282 3521 682 3614 Ovid.Am.HI,15‚l3.
703 3524 819 3614 Atque
855 3524 981 3614 aliquis
1017 3522 1178 3614 spectans
1211 3526 1339 3615 hospes
1373 3525 1551 3599 Sulmonis

1233 3650 1355 3740 aquosi

544 3772 685 3843 Moenia
703 3793 791 3862 quae
810 3773 921 3862 campi
939 3775 1061 3863 iugera
1079 3793 1190 3862 pauca
1204 3780 1336 3862 tenent,

490 3893 586 3982 Quae
604 3903 751 3986 1661616,
772 3896 876 3986 61661,
897 3897 1060 3986 661616116
1074 3896 1164 3969 16116
1184 3905 1334 3987 6661661,

544 4019 857 4111 Quantumcunque
884 4024 986 4110 66116,
1015 4042 1181 4112 vosego,
1205 4043 1330 4113 magna
1352 4021 1442 4096 fero.

279 4229 476 4320 Sequuntur
495 4253 564 4303 vss.
587 4237 632 4304 81
656 4273 706 4284 —
728 4235 790 4304 88.
811 4255 837 4304 6.

488 4425 589 4498 Nunc
606 4429 759 4518 pretium
777 4427 892 4500 fecere
912 4427 1004 4500 Deos
1021 4431 1072 4520 (61
1090 4428 1222 4502 16111161
1241 4449 1327 4500 6616

539 4552 723 4647 Iuppiter),
743 4553 903 4642 obliquae
926 4555 1023 4642 signa
1041 4555 1168 4626 iterata
1187 4559 1297 4644 rotae,
