3166 5146
787 242 985 308 -γὸ-

260 450 351 521 aliud
371 471 586 540 quaeramus,
607 450 689 520 Tale
712 451 800 520 enim
825 471 961 521 carmen
986 459 1021 520 et
1039 452 1082 533 Χ,
1102 450 1164 536 ΙΧ,
1185 449 1247 536 IV,
1268 449 1311 519 ΙΙ.
1333 458 1386 520 est
1405 452 1515 520 simile

260 588 295 643 et
322 596 424 664 quam
453 575 544 665 quod
572 576 717 643 maxime
751 575 825 643 eius
857 577 913 663 qui
948 595 1045 645 sacra
1077 575 1220 663 diesque
1252 580 1288 643 et
1315 576 1516 661 cognomina

260 700 372 786 prisca
390 699 541 769 locorum
560 700 662 769 canit.
689 699 729 768 Id
749 710 862 769 autem
883 719 960 770 cum
979 706 1056 787 post
1074 698 1109 767 id
1128 711 1263 787 tempus
1277 699 1386 785 possit
1406 701 1515 787 scrip-

258 832 332 894 tum
360 843 435 892 esse
467 844 533 909 quo
562 821 728 892 Sicambri
756 822 871 911 pacati
904 828 1002 907 sunt,
1033 843 1075 893 ex
1102 831 1295 911 temporum
1324 822 1515 891 rationibus

259 946 343 1015 nihil
362 948 473 1033 promi
492 968 592 1035 posse
611 954 767 1038 apertum
793 960 844 1019 est
868 969 934 1038 quo
958 952 1024 1019 duo
1047 969 1120 1017 esse
1144 950 1305 1037 carmina,
1327 969 1390 1017 non
1412 969 1514 1016 unum

257 1071 507 1157 comprobetur.
529 1071 595 1141 Sed
615 1092 656 1141 ne
676 1073 718 1142 X.
736 1081 771 1142 et
789 1073 851 1143 IV.
869 1075 1005 1163 quidem
1026 1073 1133 1161 elegia
1151 1073 1334 1161 quidquam
1354 1070 1512 1159 efficitur,

258 1195 323 1263 etsi
347 1196 405 1281 10,
430 1199 461 1265 1.

416 1387 445 1456 N
450 1410 514 1459 unc
534 1388 624 1459 Iovis
644 1390 805 1483 incipiam
825 1412 944 1460 causas
963 1391 1097 1478 aperire
1116 1391 1262 1479 Feretri,
1280 1430 1329 1440 -—

258 1573 294 1634 et
315 1569 349 1652 4,
374 1565 405 1635 l.

413 1742 593 1830 Tarpeium
615 1765 733 1814 nemus
762 1751 797 1814 et
814 1744 981 1833 Tarpeiae
1002 1752 1098 1832 turpe
1119 1745 1314 1832 sepulcrum

468 1867 584 1937 Faber
603 1909 653 1920 -
868 1872 874 1883 ‘

257 2042 357 2111 huius
394 2043 523 2130 elegiae
557 2045 672 2111 versui
710 2049 767 2112 ll.
804 2045 906 2113 Musa
941 2046 1088 2115 Palatini
1125 2044 1313 2114 referemus
1345 2043 1514 2132 Apollinis

257 2165 397 2249 aedem3
418 2204 467 2215 -
493 2167 550 2252 10,
572 2168 632 2234 45.
654 2186 681 2234 s.

361 2359 461 2429 Nunc
481 2359 588 2447 spolia
606 2359 638 2428 in
659 2359 787 2447 templo
807 2359 876 2427 tria
896 2359 1048 2428 condita:
1070 2379 1172 2428 causa
1190 2359 1325 2428 Feretri

413 2481 535 2554 Omine
557 2483 647 2572 quod
666 2490 760 2553 certo
780 2482 848 2551 dux
866 2481 947 2552 ferit
965 2503 1044 2552 ense
1064 2482 1184 2551 ducem
1205 2521 1255 2530 -

258 2666 293 2729 et
314 2663 348 2746 4,
371 2661 431 2728 93.

319 2842 325 2857 '
416 2837 446 2904 A
466 2833 551 2904 duce
569 2834 713 2923 Tarpeio
734 2856 828 2905 mons
848 2840 901 2904 est
920 2854 1103 2947 cognomen
1123 2832 1265 2922 adeptus
1280 2873 1324 2882 -

255 3031 357 3099 huius
376 3030 492 3100 versui
515 3031 574 3099 67.
587 3030 709 3099 Actius
728 3031 808 3099 hinc
826 3031 931 3099 traxit
950 3029 1109 3098 Phoebus
1129 3033 1346 3098 monumenta
1363 3031 1445 3096 cett.
1460 3063 1505 3075 —

257 3154 438 3224 admodum
458 3153 584 3223 similes
605 3174 679 3222 esse
698 3165 852 3241 apparet.
874 3151 963 3239 Quid
983 3153 1097 3222 enim?
1117 3174 1194 3223 num
1211 3151 1371 3221 similium
1387 3149 1509 3218 carmi-

257 3299 336 3346 num
365 3278 488 3346 similia
516 3276 664 3345 onmium
693 3277 834 3345 exordia
861 3282 939 3344 sunt
963 3276 1014 3345 vel
1043 3275 1242 3345 clausulae?
1263 3314 1309 3326 —
1340 3274 1390 3343 Ne
1420 3272 1509 3362 apud

256 3401 477 3488 Propertium
498 3399 649 3488 quidem,
669 3399 765 3468 cuius
785 3398 847 3487 IV,
866 3403 898 3468 2,
919 3398 962 3469 ab
981 3399 1249 3487 interrogatione
1264 3397 1403 3485 incipit:

387 3593 476 3681 Quid
496 3594 621 3662 mirare
640 3613 732 3663 meas
752 3600 803 3662 tot
820 3594 855 3661 in
874 3613 942 3662 uno
961 3613 1106 3681 corpore
1128 3590 1283 3662 formas?
1305 3629 1350 3642 -

258 3790 343 3857 etin
365 3787 528 3857 Mamurii
547 3787 690 3857 artifims
710 3788 913 3857 mentionem
932 3788 1075 3857 desinit:

361 3986 408 4051 At
427 3983 499 4067 tibi,
520 3981 682 4069 Mamuri,
703 3980 832 4051 formae
851 3983 1004 4053 caelator
1023 3981 1151 4051 aheuae

413 4105 529 4176 Tellus
547 4105 698 4177 artifices
717 4127 758 4174 ne
777 4112 868 4175 teret
887 4105 975 4177 Osca
994 4127 1123 4192 manns,

361 4227 424 4315 Qui
444 4250 497 4298 me
517 4239 586 4298 tam
600 4230 720 4300 docilis
735 4232 871 4317 potuisti
892 4228 1033 4299 fundere
1049 4230 1084 4299 in
1099 4251 1192 4300 usus.

413 4352 524 4424 Unum
544 4374 627 4443 opus
647 4360 710 4442 est,
731 4355 827 4442 operi
848 4376 912 4424 non
933 4355 1035 4424 datur
1054 4375 1140 4424 unus
1159 4355 1279 4423 honos.
1301 4392 1350 4402 —

256 4539 318 4629 IV,
340 4543 374 4610 9.
394 4540 458 4609 etsi
478 4539 691 4610 concluditur
710 4540 879 4628 similiter,
905 4541 948 4610 ab
973 4541 1046 4627 ipsa
1066 4547 1179 4610 tamen
1200 4538 1395 4609 narratione
1414 4538 1507 4607 ordi-
