<?xml version="1.0" encoding="UTF-8"?>
<!DOCTYPE html PUBLIC "-//W3C//DTD XHTML 1.0 Transitional//EN"
    "http://www.w3.org/TR/xhtml1/DTD/xhtml1-transitional.dtd">
<html xmlns="http://www.w3.org/1999/xhtml" xml:lang="en" lang="en">
 <head>
  <title>
</title>
<meta http-equiv="Content-Type" content="text/html;charset=utf-8" />
  <meta name='ocr-system' content='tesseract 3.04.00' />
  <meta name='ocr-capabilities' content='ocr_page ocr_carea ocr_par ocr_line ocrx_word'/>
</head>
<body>
  <div class='ocr_page' id='page_1' title='image "./dequartopropert01voiggoog_0096.png"; bbox 0 0 3166 5146; ppageno 0'>
   <div class='ocr_carea' id='block_1_1' title="bbox 688 217 897 285">
    <p class='ocr_par' dir='ltr' id='par_1_1' title="bbox 688 217 897 285">
     <span class='ocr_line' id='line_1_1' title="bbox 688 217 897 285; baseline 0.005 -20"><span class='ocrx_word' id='word_1_1' title='bbox 688 217 897 285; x_wconf 71' lang='grc'>,91-</span> 
     </span>
    </p>
   </div>
   <div class='ocr_carea' id='block_1_2' title="bbox 152 424 1435 1997">
    <p class='ocr_par' dir='ltr' id='par_1_2' title="bbox 152 424 1435 1997">
     <span class='ocr_line' id='line_1_2' title="bbox 153 424 1433 516; baseline 0.002 -20"><span class='ocrx_word' id='word_1_2' title='bbox 153 424 406 514; x_wconf 84' lang='lat' dir='ltr'>indulgentiam</span> <span class='ocrx_word' id='word_1_3' title='bbox 439 430 603 497; x_wconf 88' lang='lat' dir='ltr'>revocata</span> <span class='ocrx_word' id='word_1_4' title='bbox 635 424 796 498; x_wconf 89' lang='lat' dir='ltr'>oratione</span> <span class='ocrx_word' id='word_1_5' title='bbox 824 425 1063 515; x_wconf 84' lang='lat' dir='ltr'>proferantur:</span> <span class='ocrx_word' id='word_1_6' title='bbox 1099 446 1207 516; x_wconf 89' lang='lat' dir='ltr'>supra</span> <span class='ocrx_word' id='word_1_7' title='bbox 1239 447 1327 516; x_wconf 91' lang='lat' dir='ltr'>quae</span> <span class='ocrx_word' id='word_1_8' title='bbox 1358 428 1433 499; x_wconf 86' lang='lat' dir='ltr'>vult</span> 
     </span>
     <span class='ocr_line' id='line_1_3' title="bbox 152 547 1431 641; baseline 0.003 -21"><span class='ocrx_word' id='word_1_9' title='bbox 152 547 246 641; x_wconf 83' lang='lat' dir='ltr'>fieri,</span> <span class='ocrx_word' id='word_1_10' title='bbox 278 571 318 620; x_wconf 92' lang='lat' dir='ltr'>ea</span> <span class='ocrx_word' id='word_1_11' title='bbox 346 554 383 620; x_wconf 93' lang='lat' dir='ltr'>et</span> <span class='ocrx_word' id='word_1_12' title='bbox 401 549 581 621; x_wconf 86' lang='lat' dir='ltr'>iracundia</span> <span class='ocrx_word' id='word_1_13' title='bbox 599 555 760 620; x_wconf 89' lang='lat' dir='ltr'>movetur</span> <span class='ocrx_word' id='word_1_14' title='bbox 778 556 818 620; x_wconf 90' lang='lat' dir='ltr'>ut</span> <span class='ocrx_word' id='word_1_15' title='bbox 837 550 922 620; x_wconf 87' lang='lat' dir='ltr'>velit</span> <span class='ocrx_word' id='word_1_16' title='bbox 940 571 1002 620; x_wconf 92' lang='lat' dir='ltr'>nec</span> <span class='ocrx_word' id='word_1_17' title='bbox 1020 557 1090 620; x_wconf 92' lang='lat' dir='ltr'>tam</span> <span class='ocrx_word' id='word_1_18' title='bbox 1111 550 1252 622; x_wconf 92' lang='lat' dir='ltr'>mandat</span> <span class='ocrx_word' id='word_1_19' title='bbox 1271 551 1431 639; x_wconf 89' lang='lat' dir='ltr'>cuiquam</span> 
     </span>
     <span class='ocr_line' id='line_1_4' title="bbox 155 672 1432 763; baseline 0.001 -20"><span class='ocrx_word' id='word_1_20' title='bbox 155 693 257 763; x_wconf 88' lang='lat' dir='ltr'>quam</span> <span class='ocrx_word' id='word_1_21' title='bbox 276 679 386 763; x_wconf 85' lang='lat' dir='ltr'>optat,</span> <span class='ocrx_word' id='word_1_22' title='bbox 407 694 485 743; x_wconf 92' lang='lat' dir='ltr'>cum</span> <span class='ocrx_word' id='word_1_23' title='bbox 502 693 569 743; x_wconf 92' lang='lat' dir='ltr'>non</span> <span class='ocrx_word' id='word_1_24' title='bbox 588 673 776 762; x_wconf 83' lang='lat' dir='ltr'>Propertio</span> <span class='ocrx_word' id='word_1_25' title='bbox 796 678 835 743; x_wconf 93' lang='lat' dir='ltr'>ut</span> <span class='ocrx_word' id='word_1_26' title='bbox 854 672 1071 762; x_wconf 85' lang='lat' dir='ltr'>Lygdamum</span> <span class='ocrx_word' id='word_1_27' title='bbox 1091 680 1127 743; x_wconf 89' lang='lat' dir='ltr'>et</span> <span class='ocrx_word' id='word_1_28' title='bbox 1146 674 1338 744; x_wconf 89' lang='lat' dir='ltr'>Nomadem</span> <span class='ocrx_word' id='word_1_29' title='bbox 1357 679 1432 745; x_wconf 91' lang='lat' dir='ltr'>tor-</span> 
     </span>
     <span class='ocr_line' id='line_1_5' title="bbox 153 795 1432 886; baseline 0.002 -20"><span class='ocrx_word' id='word_1_30' title='bbox 153 803 259 886; x_wconf 89' lang='lat' dir='ltr'>queat</span> <span class='ocrx_word' id='word_1_31' title='bbox 276 797 486 884; x_wconf 83' lang='lat' dir='ltr'>committat,</span> <span class='ocrx_word' id='word_1_32' title='bbox 516 795 578 866; x_wconf 90' lang='lat' dir='ltr'>sed</span> <span class='ocrx_word' id='word_1_33' title='bbox 598 816 657 867; x_wconf 92' lang='lat' dir='ltr'>eos</span> <span class='ocrx_word' id='word_1_34' title='bbox 677 797 881 868; x_wconf 89' lang='lat' dir='ltr'>detestetur.</span> <span class='ocrx_word' id='word_1_35' title='bbox 921 797 1109 868; x_wconf 82' lang='lat' dir='ltr'>Tormenta</span> <span class='ocrx_word' id='word_1_36' title='bbox 1136 802 1252 867; x_wconf 91' lang='lat' dir='ltr'>autem</span> <span class='ocrx_word' id='word_1_37' title='bbox 1276 798 1311 866; x_wconf 92' lang='lat' dir='ltr'>in</span> <span class='ocrx_word' id='word_1_38' title='bbox 1335 797 1432 868; x_wconf 89' lang='lat' dir='ltr'>dete·</span> 
     </span>
     <span class='ocr_line' id='line_1_6' title="bbox 154 919 1434 1017; baseline 0.001 -27"><span class='ocrx_word' id='word_1_39' title='bbox 154 919 276 991; x_wconf 87' lang='lat' dir='ltr'>stando</span> <span class='ocrx_word' id='word_1_40' title='bbox 300 920 504 1008; x_wconf 85' lang='lat' dir='ltr'>saepissime</span> <span class='ocrx_word' id='word_1_41' title='bbox 524 920 689 1009; x_wconf 89' lang='lat' dir='ltr'>appellari</span> <span class='ocrx_word' id='word_1_42' title='bbox 708 941 809 990; x_wconf 92' lang='lat' dir='ltr'>nemo</span> <span class='ocrx_word' id='word_1_43' title='bbox 828 921 941 1017; x_wconf 87' lang='lat' dir='ltr'>nescit</span> <span class='ocrx_word' id='word_1_44' title='bbox 959 921 1017 1009; x_wconf 91' lang='lat' dir='ltr'>qui</span> <span class='ocrx_word' id='word_1_45' title='bbox 1036 919 1199 991; x_wconf 86' lang='lat' dir='ltr'>Plautum</span> <span class='ocrx_word' id='word_1_46' title='bbox 1218 919 1320 1010; x_wconf 83' lang='lat' dir='ltr'>legit,</span> <span class='ocrx_word' id='word_1_47' title='bbox 1341 921 1434 1010; x_wconf 92' lang='lat' dir='ltr'>apud</span> 
     </span>
     <span class='ocr_line' id='line_1_7' title="bbox 155 1042 1432 1134; baseline 0.001 -20"><span class='ocrx_word' id='word_1_48' title='bbox 155 1063 257 1133; x_wconf 88' lang='lat' dir='ltr'>quem</span> <span class='ocrx_word' id='word_1_49' title='bbox 277 1044 319 1115; x_wconf 91' lang='lat' dir='ltr'>de</span> <span class='ocrx_word' id='word_1_50' title='bbox 338 1044 447 1114; x_wconf 87' lang='lat' dir='ltr'>servis</span> <span class='ocrx_word' id='word_1_51' title='bbox 466 1042 551 1113; x_wconf 90' lang='lat' dir='ltr'>illud</span> <span class='ocrx_word' id='word_1_52' title='bbox 576 1043 640 1114; x_wconf 90' lang='lat' dir='ltr'>abi</span> <span class='ocrx_word' id='word_1_53' title='bbox 665 1043 705 1113; x_wconf 93' lang='lat' dir='ltr'>in</span> <span class='ocrx_word' id='word_1_54' title='bbox 728 1045 867 1115; x_wconf 88' lang='lat' dir='ltr'>malam</span> <span class='ocrx_word' id='word_1_55' title='bbox 892 1064 1052 1114; x_wconf 89' lang='lat' dir='ltr'>crucem</span> <span class='ocrx_word' id='word_1_56' title='bbox 1075 1042 1354 1134; x_wconf 89' lang='lat' dir='ltr'>frequentissime</span> <span class='ocrx_word' id='word_1_57' title='bbox 1379 1043 1432 1115; x_wconf 94' lang='lat' dir='ltr'>di·</span> 
     </span>
     <span class='ocr_line' id='line_1_8' title="bbox 156 1165 1433 1254; baseline -0.002 -16"><span class='ocrx_word' id='word_1_58' title='bbox 156 1168 265 1238; x_wconf 76' lang='lat' dir='ltr'>citun</span> <span class='ocrx_word' id='word_1_59' title='bbox 299 1165 396 1254; x_wconf 78' lang='lat' dir='ltr'>Quae</span> <span class='ocrx_word' id='word_1_60' title='bbox 424 1165 611 1238; x_wconf 88' lang='lat' dir='ltr'>detestatio</span> <span class='ocrx_word' id='word_1_61' title='bbox 641 1173 680 1237; x_wconf 93' lang='lat' dir='ltr'>ut</span> <span class='ocrx_word' id='word_1_62' title='bbox 707 1189 728 1238; x_wconf 90' lang='lat' dir='ltr'>a</span> <span class='ocrx_word' id='word_1_63' title='bbox 756 1168 928 1239; x_wconf 91' lang='lat' dir='ltr'>mandatis</span> <span class='ocrx_word' id='word_1_64' title='bbox 956 1167 1024 1238; x_wconf 89' lang='lat' dir='ltr'>illis</span> <span class='ocrx_word' id='word_1_65' title='bbox 1052 1168 1162 1238; x_wconf 88' lang='lat' dir='ltr'>aliena</span> <span class='ocrx_word' id='word_1_66' title='bbox 1181 1174 1235 1238; x_wconf 90' lang='lat' dir='ltr'>est</span> <span class='ocrx_word' id='word_1_67' title='bbox 1252 1168 1303 1239; x_wconf 88' lang='lat' dir='ltr'>ita</span> <span class='ocrx_word' id='word_1_68' title='bbox 1322 1168 1354 1238; x_wconf 90' lang='lat' dir='ltr'>ei</span> <span class='ocrx_word' id='word_1_69' title='bbox 1373 1167 1433 1239; x_wconf 92' lang='lat' dir='ltr'>ubi</span> 
     </span>
     <span class='ocr_line' id='line_1_9' title="bbox 154 1291 1433 1380; baseline 0 -18"><span class='ocrx_word' id='word_1_70' title='bbox 154 1292 272 1380; x_wconf 88' lang='lat' dir='ltr'>posita</span> <span class='ocrx_word' id='word_1_71' title='bbox 291 1297 346 1361; x_wconf 91' lang='lat' dir='ltr'>est</span> <span class='ocrx_word' id='word_1_72' title='bbox 363 1291 437 1362; x_wconf 88' lang='lat' dir='ltr'>loco</span> <span class='ocrx_word' id='word_1_73' title='bbox 457 1291 607 1361; x_wconf 86' lang='lat' dir='ltr'>maxime</span> <span class='ocrx_word' id='word_1_74' title='bbox 626 1293 796 1362; x_wconf 85' lang='lat' dir='ltr'>convenit.</span> <span class='ocrx_word' id='word_1_75' title='bbox 832 1291 924 1378; x_wconf 77' lang='lat' dir='ltr'>Quid</span> <span class='ocrx_word' id='word_1_76' title='bbox 943 1293 1032 1362; x_wconf 85' lang='lat' dir='ltr'>enim</span> <span class='ocrx_word' id='word_1_77' title='bbox 1052 1292 1162 1379; x_wconf 82' lang='lat' dir='ltr'>magis</span> <span class='ocrx_word' id='word_1_78' title='bbox 1182 1297 1235 1362; x_wconf 88' lang='lat' dir='ltr'>est</span> <span class='ocrx_word' id='word_1_79' title='bbox 1254 1299 1433 1362; x_wconf 88' lang='lat' dir='ltr'>consenta-</span> 
     </span>
     <span class='ocr_line' id='line_1_10' title="bbox 155 1414 1434 1507; baseline -0.002 -21"><span class='ocrx_word' id='word_1_80' title='bbox 155 1435 259 1486; x_wconf 92' lang='lat' dir='ltr'>neum</span> <span class='ocrx_word' id='word_1_81' title='bbox 269 1435 372 1504; x_wconf 91' lang='lat' dir='ltr'>quam</span> <span class='ocrx_word' id='word_1_82' title='bbox 383 1415 413 1485; x_wconf 90' lang='lat' dir='ltr'>si</span> <span class='ocrx_word' id='word_1_83' title='bbox 425 1415 616 1503; x_wconf 90' lang='lat' dir='ltr'>quisalium</span> <span class='ocrx_word' id='word_1_84' title='bbox 627 1415 821 1486; x_wconf 89' lang='lat' dir='ltr'>detestetur</span> <span class='ocrx_word' id='word_1_85' title='bbox 830 1415 879 1486; x_wconf 85' lang='lat' dir='ltr'>ibi</span> <span class='ocrx_word' id='word_1_86' title='bbox 890 1416 1108 1507; x_wconf 90' lang='lat' dir='ltr'>potissimum</span> <span class='ocrx_word' id='word_1_87' title='bbox 1118 1415 1288 1485; x_wconf 90' lang='lat' dir='ltr'>detestari</span> <span class='ocrx_word' id='word_1_88' title='bbox 1297 1414 1434 1485; x_wconf 85' lang='lat' dir='ltr'>ubicui-</span> 
     </span>
     <span class='ocr_line' id='line_1_11' title="bbox 155 1537 1433 1627; baseline 0 -19"><span class='ocrx_word' id='word_1_89' title='bbox 155 1558 199 1627; x_wconf 89' lang='lat' dir='ltr'>pa</span> <span class='ocrx_word' id='word_1_90' title='bbox 214 1537 289 1607; x_wconf 91' lang='lat' dir='ltr'>eius</span> <span class='ocrx_word' id='word_1_91' title='bbox 303 1537 419 1626; x_wconf 92' lang='lat' dir='ltr'>aliqua</span> <span class='ocrx_word' id='word_1_92' title='bbox 432 1543 622 1608; x_wconf 87' lang='lat' dir='ltr'>memorata</span> <span class='ocrx_word' id='word_1_93' title='bbox 636 1539 769 1609; x_wconf 89' lang='lat' dir='ltr'>recenti</span> <span class='ocrx_word' id='word_1_94' title='bbox 783 1539 950 1609; x_wconf 90' lang='lat' dir='ltr'>memoria</span> <span class='ocrx_word' id='word_1_95' title='bbox 968 1539 1011 1609; x_wconf 90' lang='lat' dir='ltr'>ad</span> <span class='ocrx_word' id='word_1_96' title='bbox 1031 1539 1277 1609; x_wconf 88' lang='lat' dir='ltr'>detestandum</span> <span class='ocrx_word' id='word_1_97' title='bbox 1296 1557 1433 1626; x_wconf 90' lang='lat' dir='ltr'>permo-</span> 
     </span>
     <span class='ocr_line' id='line_1_12' title="bbox 155 1660 1435 1751; baseline 0.002 -21"><span class='ocrx_word' id='word_1_98' title='bbox 155 1661 299 1731; x_wconf 84' lang='lat' dir='ltr'>veatur?</span> <span class='ocrx_word' id='word_1_99' title='bbox 319 1660 419 1749; x_wconf 78' lang='lat' dir='ltr'>Quod</span> <span class='ocrx_word' id='word_1_100' title='bbox 438 1661 504 1731; x_wconf 86' lang='lat' dir='ltr'>etsi</span> <span class='ocrx_word' id='word_1_101' title='bbox 522 1661 633 1750; x_wconf 91' lang='lat' dir='ltr'>ipsum</span> <span class='ocrx_word' id='word_1_102' title='bbox 653 1682 716 1750; x_wconf 91' lang='lat' dir='ltr'>per</span> <span class='ocrx_word' id='word_1_103' title='bbox 736 1682 772 1732; x_wconf 90' lang='lat' dir='ltr'>se</span> <span class='ocrx_word' id='word_1_104' title='bbox 787 1663 872 1733; x_wconf 89' lang='lat' dir='ltr'>satis</span> <span class='ocrx_word' id='word_1_105' title='bbox 887 1666 942 1731; x_wconf 87' lang='lat' dir='ltr'>est</span> <span class='ocrx_word' id='word_1_106' title='bbox 957 1663 1193 1751; x_wconf 88' lang='lat' dir='ltr'>perspicuum,</span> <span class='ocrx_word' id='word_1_107' title='bbox 1213 1660 1435 1733; x_wconf 86' lang='lat' dir='ltr'>confirmatur</span> 
     </span>
     <span class='ocr_line' id='line_1_13' title="bbox 158 1784 1434 1874; baseline 0.001 -20"><span class='ocrx_word' id='word_1_108' title='bbox 158 1784 249 1855; x_wconf 90' lang='lat' dir='ltr'>idem</span> <span class='ocrx_word' id='word_1_109' title='bbox 267 1804 375 1873; x_wconf 89' lang='lat' dir='ltr'>paene</span> <span class='ocrx_word' id='word_1_110' title='bbox 396 1785 555 1856; x_wconf 87' lang='lat' dir='ltr'>omnibus</span> <span class='ocrx_word' id='word_1_111' title='bbox 575 1784 661 1855; x_wconf 93' lang='lat' dir='ltr'>locis</span> <span class='ocrx_word' id='word_1_112' title='bbox 682 1786 807 1873; x_wconf 88' lang='lat' dir='ltr'>quibus</span> <span class='ocrx_word' id='word_1_113' title='bbox 831 1786 1102 1874; x_wconf 88' lang='lat' dir='ltr'>Propertius-</span> <span class='ocrx_word' id='word_1_114' title='bbox 1122 1791 1162 1855; x_wconf 90' lang='lat' dir='ltr'>ut</span> <span class='ocrx_word' id='word_1_115' title='bbox 1179 1785 1216 1854; x_wconf 92' lang='lat' dir='ltr'>in</span> <span class='ocrx_word' id='word_1_116' title='bbox 1234 1785 1300 1855; x_wconf 94' lang='lat' dir='ltr'>hoc</span> <span class='ocrx_word' id='word_1_117' title='bbox 1320 1787 1434 1857; x_wconf 90' lang='lat' dir='ltr'>consi-</span> 
     </span>
     <span class='ocr_line' id='line_1_14' title="bbox 159 1907 1308 1997; baseline -0.001 -19"><span class='ocrx_word' id='word_1_118' title='bbox 159 1913 289 1979; x_wconf 84' lang='lat' dir='ltr'>stamus</span> <span class='ocrx_word' id='word_1_119' title='bbox 309 1949 359 1961; x_wconf 95' lang='lat'><em>-</em></span> <span class='ocrx_word' id='word_1_120' title='bbox 379 1907 548 1978; x_wconf 90' lang='lat' dir='ltr'>similibus</span> <span class='ocrx_word' id='word_1_121' title='bbox 569 1907 730 1997; x_wconf 90' lang='lat' dir='ltr'>precibus</span> <span class='ocrx_word' id='word_1_122' title='bbox 748 1909 872 1979; x_wconf 90' lang='lat' dir='ltr'>utitur.</span> <span class='ocrx_word' id='word_1_123' title='bbox 913 1907 971 1979; x_wconf 87' lang='lat' dir='ltr'>Sic</span> <span class='ocrx_word' id='word_1_124' title='bbox 991 1908 1082 1978; x_wconf 92' lang='lat' dir='ltr'>enim</span> <span class='ocrx_word' id='word_1_125' title='bbox 1101 1908 1163 1997; x_wconf 89' lang='lat' dir='ltr'>lV,</span> <span class='ocrx_word' id='word_1_126' title='bbox 1186 1911 1220 1997; x_wconf 82' lang='lat'>3,</span> <span class='ocrx_word' id='word_1_127' title='bbox 1245 1911 1308 1977; x_wconf 85' lang='lat'>19:</span> 
     </span>
    </p>
   </div>
   <div class='ocr_carea' id='block_1_3' title="bbox 262 2117 1434 2210">
    <p class='ocr_par' dir='ltr' id='par_1_3' title="bbox 262 2117 1434 2210">
     <span class='ocr_line' id='line_1_15' title="bbox 262 2117 1434 2210; baseline -0.002 -19"><span class='ocrx_word' id='word_1_128' title='bbox 262 2117 419 2207; x_wconf 89' lang='lat' dir='ltr'>Occidat,</span> <span class='ocrx_word' id='word_1_129' title='bbox 440 2119 565 2210; x_wconf 86' lang='lat' dir='ltr'>inquit,</span> <span class='ocrx_word' id='word_1_130' title='bbox 586 2120 760 2191; x_wconf 88' lang='lat' dir='ltr'>immerita</span> <span class='ocrx_word' id='word_1_131' title='bbox 781 2120 839 2210; x_wconf 92' lang='lat' dir='ltr'>qui</span> <span class='ocrx_word' id='word_1_132' title='bbox 860 2120 992 2209; x_wconf 88' lang='lat' dir='ltr'>carpsit</span> <span class='ocrx_word' id='word_1_133' title='bbox 1011 2119 1055 2190; x_wconf 95' lang='lat' dir='ltr'>ab</span> <span class='ocrx_word' id='word_1_134' title='bbox 1076 2119 1201 2190; x_wconf 90' lang='lat' dir='ltr'>arbore</span> <span class='ocrx_word' id='word_1_135' title='bbox 1221 2119 1364 2189; x_wconf 82' lang='lat' dir='ltr'>vallum!</span> <span class='ocrx_word' id='word_1_136' title='bbox 1382 2159 1434 2171; x_wconf 89' lang='lat'><em>-</em></span> 
     </span>
    </p>
   </div>
   <div class='ocr_carea' id='block_1_4' title="bbox 155 2347 1433 2559">
    <p class='ocr_par' dir='ltr' id='par_1_4' title="bbox 155 2347 1433 2559">
     <span class='ocr_line' id='line_1_16' title="bbox 155 2347 1433 2437; baseline 0.002 -20"><span class='ocrx_word' id='word_1_137' title='bbox 155 2354 338 2437; x_wconf 88' lang='lat' dir='ltr'>postquam</span> <span class='ocrx_word' id='word_1_138' title='bbox 369 2347 557 2436; x_wconf 88' lang='lat' dir='ltr'>descripsit</span> <span class='ocrx_word' id='word_1_139' title='bbox 578 2350 613 2417; x_wconf 91' lang='lat' dir='ltr'>in</span> <span class='ocrx_word' id='word_1_140' title='bbox 638 2349 764 2437; x_wconf 89' lang='lat' dir='ltr'>quibus</span> <span class='ocrx_word' id='word_1_141' title='bbox 785 2350 992 2437; x_wconf 89' lang='lat' dir='ltr'>quantisque</span> <span class='ocrx_word' id='word_1_142' title='bbox 1010 2348 1111 2417; x_wconf 90' lang='lat' dir='ltr'>malis</span> <span class='ocrx_word' id='word_1_143' title='bbox 1129 2347 1307 2418; x_wconf 87' lang='lat' dir='ltr'>Arethusa</span> <span class='ocrx_word' id='word_1_144' title='bbox 1325 2347 1433 2419; x_wconf 90' lang='lat' dir='ltr'>bello·</span> 
     </span>
     <span class='ocr_line' id='line_1_17' title="bbox 158 2471 877 2559; baseline 0.001 -21"><span class='ocrx_word' id='word_1_145' title='bbox 158 2490 238 2539; x_wconf 92' lang='lat' dir='ltr'>rum</span> <span class='ocrx_word' id='word_1_146' title='bbox 258 2488 364 2539; x_wconf 90' lang='lat' dir='ltr'>causa</span> <span class='ocrx_word' id='word_1_147' title='bbox 383 2475 599 2555; x_wconf 83' lang='lat' dir='ltr'>versaretur3</span> <span class='ocrx_word' id='word_1_148' title='bbox 621 2471 669 2539; x_wconf 90' lang='lat' dir='ltr'>sic</span> <span class='ocrx_word' id='word_1_149' title='bbox 688 2471 735 2559; x_wconf 88' lang='lat' dir='ltr'>II,</span> <span class='ocrx_word' id='word_1_150' title='bbox 760 2472 820 2556; x_wconf 82' lang='lat'>33,</span> <span class='ocrx_word' id='word_1_151' title='bbox 844 2474 877 2541; x_wconf 87' lang='lat'>3.</span> 
     </span>
    </p>
   </div>
   <div class='ocr_carea' id='block_1_5' title="bbox 264 2679 1160 2875">
    <p class='ocr_par' dir='ltr' id='par_1_5' title="bbox 264 2679 1160 2875">
     <span class='ocr_line' id='line_1_18' title="bbox 264 2679 1160 2771; baseline 0.004 -24"><span class='ocrx_word' id='word_1_152' title='bbox 264 2679 379 2768; x_wconf 91' lang='lat' dir='ltr'>Atque</span> <span class='ocrx_word' id='word_1_153' title='bbox 400 2679 531 2750; x_wconf 89' lang='lat' dir='ltr'>utinam</span> <span class='ocrx_word' id='word_1_154' title='bbox 551 2685 672 2768; x_wconf 90' lang='lat' dir='ltr'>pereat</span> <span class='ocrx_word' id='word_1_155' title='bbox 690 2680 770 2751; x_wconf 90' lang='lat' dir='ltr'>Nilo</span> <span class='ocrx_word' id='word_1_156' title='bbox 792 2701 880 2771; x_wconf 91' lang='lat' dir='ltr'>quae</span> <span class='ocrx_word' id='word_1_157' title='bbox 901 2700 1001 2751; x_wconf 87' lang='lat' dir='ltr'>sacra</span> <span class='ocrx_word' id='word_1_158' title='bbox 1020 2685 1160 2769; x_wconf 88' lang='lat' dir='ltr'>tepente</span> 
     </span>
     <span class='ocr_line' id='line_1_19' title="bbox 316 2801 479 2875; baseline 0.018 -3"><span class='ocrx_word' id='word_1_159' title='bbox 316 2801 479 2875; x_wconf 90' lang='lat' dir='ltr'>Misit—</span> 
     </span>
    </p>
   </div>
   <div class='ocr_carea' id='block_1_6' title="bbox 157 3012 1435 3224">
    <p class='ocr_par' dir='ltr' id='par_1_6' title="bbox 157 3012 1435 3224">
     <span class='ocr_line' id='line_1_20' title="bbox 157 3012 1435 3103; baseline 0.002 -20"><span class='ocrx_word' id='word_1_160' title='bbox 157 3013 217 3084; x_wconf 90' lang='lat' dir='ltr'>ubi</span> <span class='ocrx_word' id='word_1_161' title='bbox 236 3012 422 3101; x_wconf 79' lang='lat' dir='ltr'>Cynthiam</span> <span class='ocrx_word' id='word_1_162' title='bbox 440 3013 543 3083; x_wconf 87' lang='lat' dir='ltr'>Isidis</span> <span class='ocrx_word' id='word_1_163' title='bbox 574 3033 680 3082; x_wconf 88' lang='lat' dir='ltr'>causa</span> <span class='ocrx_word' id='word_1_164' title='bbox 697 3014 766 3082; x_wconf 92' lang='lat' dir='ltr'>iam</span> <span class='ocrx_word' id='word_1_165' title='bbox 785 3014 903 3083; x_wconf 87' lang='lat' dir='ltr'>decem</span> <span class='ocrx_word' id='word_1_166' title='bbox 922 3018 1048 3082; x_wconf 85' lang='lat' dir='ltr'>noctes.</span> <span class='ocrx_word' id='word_1_167' title='bbox 1067 3033 1087 3082; x_wconf 92' lang='lat' dir='ltr'>a</span> <span class='ocrx_word' id='word_1_168' title='bbox 1112 3034 1147 3082; x_wconf 89' lang='lat' dir='ltr'>se</span> <span class='ocrx_word' id='word_1_169' title='bbox 1172 3012 1326 3085; x_wconf 87' lang='lat' dir='ltr'>abfuisse</span> <span class='ocrx_word' id='word_1_170' title='bbox 1351 3034 1435 3103; x_wconf 91' lang='lat' dir='ltr'>que·</span> 
     </span>
     <span class='ocr_line' id='line_1_21' title="bbox 160 3134 635 3224; baseline -0.004 -18"><span class='ocrx_word' id='word_1_171' title='bbox 160 3142 235 3207; x_wconf 89' lang='lat' dir='ltr'>stus</span> <span class='ocrx_word' id='word_1_172' title='bbox 256 3141 324 3222; x_wconf 81' lang='lat' dir='ltr'>est3</span> <span class='ocrx_word' id='word_1_173' title='bbox 346 3134 462 3224; x_wconf 83' lang='lat' dir='ltr'>sicli,</span> <span class='ocrx_word' id='word_1_174' title='bbox 487 3138 547 3224; x_wconf 83' lang='lat'>18,</span> <span class='ocrx_word' id='word_1_175' title='bbox 570 3139 635 3205; x_wconf 81' lang='lat'>27:</span> 
     </span>
    </p>
   </div>
   <div class='ocr_carea' id='block_1_7' title="bbox 129 3335 1139 3558">
    <p class='ocr_par' dir='ltr' id='par_1_7' title="bbox 129 3335 1139 3558">
     <span class='ocr_line' id='line_1_22' title="bbox 129 3335 1023 3435; baseline 0.002 -19"><span class='ocrx_word' id='word_1_176' title='bbox 129 3363 132 3369; x_wconf 83' lang='grc'>’</span> <span class='ocrx_word' id='word_1_177' title='bbox 264 3347 321 3416; x_wconf 90' lang='lat' dir='ltr'>Illi</span> <span class='ocrx_word' id='word_1_178' title='bbox 340 3346 404 3417; x_wconf 91' lang='lat' dir='ltr'>sub</span> <span class='ocrx_word' id='word_1_179' title='bbox 425 3346 533 3416; x_wconf 88' lang='lat' dir='ltr'>terris</span> <span class='ocrx_word' id='word_1_180' title='bbox 545 3335 637 3416; x_wconf 85' lang='lat' dir='ltr'>fiant</span> <span class='ocrx_word' id='word_1_181' title='bbox 654 3346 746 3417; x_wconf 92' lang='lat' dir='ltr'>mala</span> <span class='ocrx_word' id='word_1_182' title='bbox 764 3346 872 3417; x_wconf 88' lang='lat' dir='ltr'>multa</span> <span class='ocrx_word' id='word_1_183' title='bbox 890 3347 1023 3435; x_wconf 89' lang='lat' dir='ltr'>puellae</span> 
     </span>
     <span class='ocr_line' id='line_1_23' title="bbox 318 3467 1139 3558; baseline 0.002 -19"><span class='ocrx_word' id='word_1_184' title='bbox 318 3467 414 3556; x_wconf 80' lang='lat' dir='ltr'>Quae</span> <span class='ocrx_word' id='word_1_185' title='bbox 433 3468 580 3539; x_wconf 88' lang='lat' dir='ltr'>mentita</span> <span class='ocrx_word' id='word_1_186' title='bbox 599 3491 679 3540; x_wconf 92' lang='lat' dir='ltr'>suas</span> <span class='ocrx_word' id='word_1_187' title='bbox 699 3470 806 3540; x_wconf 89' lang='lat' dir='ltr'>vertit</span> <span class='ocrx_word' id='word_1_188' title='bbox 824 3471 942 3558; x_wconf 91' lang='lat' dir='ltr'>inepta</span> <span class='ocrx_word' id='word_1_189' title='bbox 961 3491 1076 3541; x_wconf 91' lang='lat' dir='ltr'>comas</span> <span class='ocrx_word' id='word_1_190' title='bbox 1088 3510 1139 3522; x_wconf 95' lang='lat'><strong>—</strong></span> 
     </span>
    </p>
   </div>
   <div class='ocr_carea' id='block_1_8' title="bbox 159 3678 1438 3894">
    <p class='ocr_par' dir='ltr' id='par_1_8' title="bbox 159 3678 1438 3894">
     <span class='ocr_line' id='line_1_24' title="bbox 160 3678 1438 3777; baseline 0 -24"><span class='ocrx_word' id='word_1_191' title='bbox 160 3702 237 3753; x_wconf 90' lang='lat' dir='ltr'>cum</span> <span class='ocrx_word' id='word_1_192' title='bbox 258 3678 399 3751; x_wconf 89' lang='lat' dir='ltr'>eandem</span> <span class='ocrx_word' id='word_1_193' title='bbox 423 3679 606 3777; x_wconf 83' lang='lat' dir='ltr'>Cynthiam</span> <span class='ocrx_word' id='word_1_194' title='bbox 632 3680 723 3769; x_wconf 93' lang='lat' dir='ltr'>quod</span> <span class='ocrx_word' id='word_1_195' title='bbox 747 3701 829 3751; x_wconf 88' lang='lat' dir='ltr'>suos</span> <span class='ocrx_word' id='word_1_196' title='bbox 847 3681 960 3751; x_wconf 90' lang='lat' dir='ltr'>crines</span> <span class='ocrx_word' id='word_1_197' title='bbox 980 3679 1127 3770; x_wconf 82' lang='lat' dir='ltr'>fingeret</span> <span class='ocrx_word' id='word_1_198' title='bbox 1146 3681 1357 3770; x_wconf 80' lang='lat' dir='ltr'>obiurgavit3</span> <span class='ocrx_word' id='word_1_199' title='bbox 1387 3682 1438 3753; x_wconf 89' lang='lat' dir='ltr'>sic</span> 
     </span>
     <span class='ocr_line' id='line_1_25' title="bbox 159 3805 379 3894; baseline -0.005 -19"><span class='ocrx_word' id='word_1_200' title='bbox 159 3805 206 3894; x_wconf 86' lang='lat'>11,</span> <span class='ocrx_word' id='word_1_201' title='bbox 229 3805 265 3893; x_wconf 84' lang='lat'>9,</span> <span class='ocrx_word' id='word_1_202' title='bbox 286 3806 379 3874; x_wconf 83' lang='lat'>475:</span> 
     </span>
    </p>
   </div>
   <div class='ocr_carea' id='block_1_9' title="bbox 267 4012 1148 4229">
    <p class='ocr_par' dir='ltr' id='par_1_9' title="bbox 267 4012 1148 4229">
     <span class='ocr_line' id='line_1_26' title="bbox 267 4012 1148 4105; baseline 0.001 -20"><span class='ocrx_word' id='word_1_203' title='bbox 267 4014 386 4104; x_wconf 89' lang='lat' dir='ltr'>Atque</span> <span class='ocrx_word' id='word_1_204' title='bbox 404 4015 550 4105; x_wconf 88' lang='lat' dir='ltr'>utinam,</span> <span class='ocrx_word' id='word_1_205' title='bbox 571 4015 599 4086; x_wconf 92' lang='lat' dir='ltr'>si</span> <span class='ocrx_word' id='word_1_206' title='bbox 618 4012 711 4086; x_wconf 85' lang='lat' dir='ltr'>forte</span> <span class='ocrx_word' id='word_1_207' title='bbox 729 4014 806 4104; x_wconf 88' lang='lat' dir='ltr'>pios</span> <span class='ocrx_word' id='word_1_208' title='bbox 827 4013 1008 4086; x_wconf 84' lang='lat' dir='ltr'>eduximus</span> <span class='ocrx_word' id='word_1_209' title='bbox 1027 4035 1148 4104; x_wconf 88' lang='lat' dir='ltr'>annos,</span> 
     </span>
     <span class='ocr_line' id='line_1_27' title="bbox 320 4136 1047 4229; baseline 0.003 -23"><span class='ocrx_word' id='word_1_210' title='bbox 320 4136 384 4207; x_wconf 87' lang='lat' dir='ltr'>Ille</span> <span class='ocrx_word' id='word_1_211' title='bbox 403 4137 458 4207; x_wconf 89' lang='lat' dir='ltr'>vir</span> <span class='ocrx_word' id='word_1_212' title='bbox 476 4139 511 4207; x_wconf 93' lang='lat' dir='ltr'>in</span> <span class='ocrx_word' id='word_1_213' title='bbox 530 4139 643 4210; x_wconf 90' lang='lat' dir='ltr'>medio</span> <span class='ocrx_word' id='word_1_214' title='bbox 664 4138 727 4209; x_wconf 90' lang='lat' dir='ltr'>fiat</span> <span class='ocrx_word' id='word_1_215' title='bbox 744 4159 861 4210; x_wconf 89' lang='lat' dir='ltr'>amore</span> <span class='ocrx_word' id='word_1_216' title='bbox 879 4139 983 4229; x_wconf 84' lang='lat' dir='ltr'>lapis!</span> <span class='ocrx_word' id='word_1_217' title='bbox 997 4177 1047 4189; x_wconf 94' lang='lat'><em>-</em></span> 
     </span>
    </p>
   </div>
   <div class='ocr_carea' id='block_1_10' title="bbox 162 4347 1440 4579">
    <p class='ocr_par' dir='ltr' id='par_1_10' title="bbox 162 4347 1440 4579">
     <span class='ocr_line' id='line_1_28' title="bbox 164 4347 1439 4466; baseline -0.002 -46"><span class='ocrx_word' id='word_1_218' title='bbox 164 4354 348 4439; x_wconf 89' lang='lat' dir='ltr'>postquam</span> <span class='ocrx_word' id='word_1_219' title='bbox 366 4369 470 4420; x_wconf 87' lang='lat' dir='ltr'>versu</span> <span class='ocrx_word' id='word_1_220' title='bbox 489 4353 552 4420; x_wconf 90' lang='grc'>46.</span> <span class='ocrx_word' id='word_1_221' title='bbox 593 4350 777 4440; x_wconf 80' lang='lat' dir='ltr'>Cynthiae,</span> <span class='ocrx_word' id='word_1_222' title='bbox 794 4371 870 4422; x_wconf 93' lang='lat' dir='ltr'>non</span> <span class='ocrx_word' id='word_1_223' title='bbox 889 4352 984 4441; x_wconf 88' lang='lat' dir='ltr'>licet,</span> <span class='ocrx_word' id='word_1_224' title='bbox 1013 4350 1126 4440; x_wconf 92' lang='lat' dir='ltr'>inquit</span> <span class='ocrx_word' id='word_1_225' title='bbox 1145 4370 1222 4422; x_wconf 90' lang='lat' dir='ltr'>esse</span> <span class='ocrx_word' id='word_1_226' title='bbox 1241 4356 1350 4466; x_wconf 88' lang='lat' dir='ltr'>tuum,</span> <span class='ocrx_word' id='word_1_227' title='bbox 1371 4347 1439 4419; x_wconf 91' lang='lat' dir='ltr'>sci-</span> 
     </span>
     <span class='ocr_line' id='line_1_29' title="bbox 162 4471 1440 4579; baseline -0.001 -38"><span class='ocrx_word' id='word_1_228' title='bbox 162 4471 242 4544; x_wconf 91' lang='lat' dir='ltr'>licet</span> <span class='ocrx_word' id='word_1_229' title='bbox 260 4478 406 4562; x_wconf 90' lang='lat' dir='ltr'>propter</span> <span class='ocrx_word' id='word_1_230' title='bbox 420 4473 592 4544; x_wconf 91' lang='lat' dir='ltr'>aemulum</span> <span class='ocrx_word' id='word_1_231' title='bbox 609 4476 797 4563; x_wconf 87' lang='lat' dir='ltr'>potiorem;</span> <span class='ocrx_word' id='word_1_232' title='bbox 817 4475 869 4546; x_wconf 91' lang='lat' dir='ltr'>sic</span> <span class='ocrx_word' id='word_1_233' title='bbox 888 4476 975 4564; x_wconf 88' lang='lat' dir='ltr'><strong>I,7.‚</strong></span> <span class='ocrx_word' id='word_1_234' title='bbox 991 4479 1182 4579; x_wconf 85' lang='lat' dir='ltr'>postquam</span> <span class='ocrx_word' id='word_1_235' title='bbox 1200 4482 1281 4547; x_wconf 88' lang='lat' dir='ltr'>ante</span> <span class='ocrx_word' id='word_1_236' title='bbox 1295 4476 1440 4544; x_wconf 90' lang='lat' dir='ltr'>mortem</span> 
     </span>
    </p>
   </div>
   <div class='ocr_carea' id='block_1_11' title="bbox 0 0 1597 5146">
    <p class='ocr_par' dir='ltr' id='par_1_11' title="bbox 0 0 1597 5146">
     <span class='ocr_line' id='line_1_30' title="bbox 0 0 1597 5146; baseline 0 0"><span class='ocrx_word' id='word_1_237' title='bbox 0 0 1597 5146; x_wconf 95' lang='lat' dir='ltr'> </span> 
     </span>
    </p>
   </div>
  </div>
 </body>
</html>
