3166 5146
731 288 992 358 .-32-
1121 286 1123 291 ’

253 505 316 572 ire
343 500 430 572 vias
458 500 583 571 mirum
611 498 797 587 videbitur,
828 499 863 570 si
885 499 1196 591 comparaverimus
1224 499 1314 588 quod
1337 505 1391 571 est
1408 500 1437 588 1,
1459 503 1523 590 20,

258 628 316 696 17.
339 645 367 696 ε.
412 625 570 714 Namque
599 621 714 694 ferunt
738 622 819 693 olim
843 623 998 713 Pagasae
1016 622 1200 694 navalibus
1219 622 1315 713 Argo
1334 623 1523 715 Egressum

254 749 373 837 longe
397 749 564 823 Phasidos
589 749 668 820 isse
691 748 788 818 vias.
835 745 923 817 Nam
952 748 1093 836 pluralis
1120 767 1285 818 numerus
1314 750 1415 840 vias,
1444 761 1525 821 cum

253 874 408 965 quisquis
427 874 539 944 Roma
557 872 704 943 Fidenas
722 872 829 942 iverit
845 872 945 960 longe
964 873 1033 942 isse
1053 872 1204 959 dicatur,
1233 871 1290 942 bic
1314 892 1439 944 senon
1459 875 1525 945 mi·

252 1018 317 1067 nus
344 1006 442 1070 recte
468 996 574 1068 habet
601 1016 703 1086 quam
728 996 764 1065 in
782 998 1064 1085 Argonautarum
1086 1016 1154 1066 uno
1178 995 1300 1066 itinere
1324 997 1522 1087 singularis.

251 1120 347 1211 Ergo
366 1130 464 1193 uteo
484 1127 703 1192 revertamur
721 1119 812 1191 unde
832 1119 1068 1207 discessimus,
1097 1119 1127 1190 si
1155 1125 1274 1190 cetera
1301 1121 1414 1192 omnia
1437 1123 1525 1193 satis

253 1267 291 1317 se
310 1251 404 1318 recte
422 1244 564 1334 habent,
584 1265 625 1314 ne
645 1245 679 1313 in
701 1242 842 1314 elisione
859 1244 999 1333 quidem
1018 1243 1077 1315 illa
1097 1240 1329 1334 offendemus,
1356 1244 1460 1318 immo
1480 1267 1527 1317 ne

254 1371 284 1442 si
310 1371 421 1441 nullae
450 1369 589 1460 quidem
617 1369 745 1439 similes
774 1375 888 1439 essent
917 1368 1078 1438 elisiones
1110 1367 1373 1440 offenderemus.
1423 1370 1526 1441 Nunc

147 1566 154 1583 ,
252 1500 367 1566 autem
394 1515 455 1565 eae
474 1490 699 1583 proferuntur
721 1492 763 1565 ab
790 1493 865 1582 ipso
885 1492 1157 1581 Eschenbnrgio.
1206 1491 1260 1563 Ac
1279 1494 1364 1564 mihi
1383 1493 1524 1585 quidem

253 1620 359 1690 etiam
387 1617 602 1689 Catullianae
626 1617 785 1688 elisiones
803 1618 881 1707 (85,
904 1620 938 1688 2.
960 1617 1071 1688 sentio
1093 1622 1129 1687 et
1147 1617 1390 1688 excrucior-
1403 1622 1464 1707 91,
1488 1624 1525 1690 2.

206 1760 209 1766 ·
252 1744 388 1833 perdito
407 1763 526 1814 amore
546 1740 620 1812 fore
634 1782 685 1793 —-
704 1744 765 1831 97,
789 1744 822 1813 6.
842 1740 981 1830 ploxeni
999 1741 1103 1812 habet
1121 1743 1309 1812 veteris-
1324 1745 1410 1831 104,
1433 1747 1468 1814 2.
1489 1745 1526 1815 in

252 1888 290 1939 se
304 1866 408 1937 habet
422 1866 584 1956 egregiis)
603 1864 825 1936 vehementer
839 1865 883 1935 ad
897 1885 971 1935 rem
985 1866 1160 1953 pertinere
1173 1866 1345 1954 videntur,
1355 1868 1421 1937 nisi
1432 1865 1525 1941 forte

251 1999 412 2080 putamus
434 1990 656 2079 Propertium
682 1987 811 2060 formas
831 1988 1004 2079 quasdam,
1014 1990 1226 2079 antiquiores
1253 1997 1292 2062 ut
1319 2010 1433 2081 mage
1459 2013 1522 2082 po·

251 2115 357 2186 tuisse
386 2134 542 2201 servare,
571 2114 734 2183 metricas
761 2113 917 2184 licentias
935 2133 1004 2184 non
1022 2114 1183 2202 potuisse.
1231 2112 1346 2203 thue
1370 2115 1522 2187 alterum

250 2239 515 2330 Propertianum
535 2238 729 2327 exemplum
749 2237 794 2328 Il,
820 2241 878 2326 14,
903 2240 949 2308 18
969 2239 1082 2328 (nemo
1100 2237 1136 2308 in
1154 2256 1271 2309 amore
1290 2239 1415 2320 videt-l
1439 2241 1516 2309 mit·

251 2372 379 2453 tamus,
419 2363 500 2452 quia
531 2361 611 2432 oin
638 2361 733 2432 exitu
759 2361 884 2432 tertiae
912 2360 1152 2432 declinationis
1179 2362 1236 2432 illo
1264 2363 1334 2432 iam
1361 2368 1512 2452 tempore

251 2495 373 2576 coepta
401 2487 447 2557 sit
476 2486 619 2575 corripi:
658 2490 694 2555 at
718 2486 811 2574 quod
839 2486 1033 2575 exemplum
1061 2486 1174 2556 estin
1202 2486 1343 2557 Acontii
1371 2485 1520 2575 epistola

250 2613 313 2700 (vs.
337 2612 422 2680 178.
445 2615 539 2679 certe
558 2629 621 2697 ego
639 2608 734 2678 solus
753 2609 839 2698 ero),
859 2607 896 2679 id
915 2609 1053 2698 quidem
1072 2608 1171 2697 plane
1190 2609 1296 2679 estin
1315 2608 1436 2680 eodem
1458 2631 1521 2680 nu·

250 2754 359 2821 mero,
379 2732 467 2823 quod
488 2738 524 2802 et
543 2730 689 2820 epistola
708 2752 749 2801 ea
767 2732 919 2803 eiusdem
935 2729 1008 2802 fere
1023 2733 1188 2822 temporis
1203 2740 1256 2805 θεῖ
1270 2739 1305 2805 θῖ
1319 2734 1367 2806 ibi
1383 2755 1521 2825 quoque

250 2858 348 2927 elisio
367 2856 489 2928 incidit
504 2841 542 2925 in
562 2856 688 2925 exitum
709 2854 862 2925 adverbii
880 2855 915 2926 in
933 2876 951 2925 θ
969 2856 1137 2927 exeuntis.
1184 2857 1272 2928 Nam
1296 2866 1332 2928 θῖ
1354 2878 1420 2948 par
1439 2865 1520 2930 ante

251 3000 367 3071 parem
385 2979 513 3051 vocalis
531 2977 665 3050 facilius
683 2977 823 3049 videtur
840 2978 939 3070 elidi,
962 2999 1072 3071 neque
1091 3001 1108 3052 e
1126 2980 1162 3050 in
1180 2981 1355 3053 adverbiis
1373 2983 1424 3053 ita
1442 2990 1521 3054 erat

250 3107 365 3195 longa,
394 3109 433 3174 ut
460 3122 629 3192 nusquam
652 3104 900 3192 corriperetur.
948 3101 1041 3191 Quae
1062 3105 1234 3194 correptio
1254 3106 1322 3176 etsi
1341 3106 1376 3175 in
1398 3106 1519 3196 longe

249 3251 417 3322 nusquam
444 3229 620 3318 reperitur
646 3228 792 3319 (Neuius
814 3228 837 3297 l.
861 3227 885 3298 l.
907 3227 932 3298 l.
961 3248 1040 3318 pag.
1071 3232 1157 3300 518.
1186 3237 1328 3319 praeter
1354 3231 1456 3302 bene
1485 3238 1521 3301 et

250 3356 351 3425 male
378 3374 420 3425 ex
446 3353 571 3423 Plauto
599 3351 700 3423 affert
727 3352 870 3441 probe,
900 3371 942 3421 ex
970 3349 1152 3442 Lucretio,
1172 3354 1334 3443 Horatio,
1359 3354 1435 3425 aliis
1455 3375 1519 3427 su·

250 3483 390 3568 perne,
411 3498 454 3548 ex
471 3476 634 3547 Lucretio
653 3473 828 3563 inferne,
857 3494 898 3544 ex
922 3474 1073 3547 Ausonio
1093 3475 1281 3565 inferne):
1311 3478 1519 3568 intelligitur

249 3608 364 3673 tamen
382 3601 505 3691 longae
524 3622 541 3672 e
558 3601 594 3671 in
613 3600 788 3672 adverbiis
806 3618 873 3668 non
893 3598 1033 3669 eandem
1056 3606 1214 3672 naturam
1233 3607 1269 3672 θῖ
1287 3603 1519 3674 constantiam

249 3733 352 3817 atque
380 3726 523 3796 aliarum
551 3726 730 3814 longarum
758 3720 970 3810 syllabarum
996 3721 1114 3796 fuisse.
1162 3722 1257 3811 Quae
1279 3746 1356 3797 cum
1374 3727 1426 3797 ita
1444 3728 1521 3799 sint

249 3871 312 3922 nec
349 3851 487 3940 spurios
524 3848 587 3918 hos
623 3865 745 3916 versus
773 3845 1043 3918 existimabimus
1071 3867 1134 3917 nec
1161 3848 1316 3920 luciano
1344 3850 1518 3922 Muellero

250 3974 477 4046 assentiemur
496 3973 531 4041 in
552 3969 703 4040 editione
728 3989 789 4039 sua
807 3969 963 4041 ordinem
982 3972 1032 4041 ita
1050 3971 1213 4061 mutanti,
1235 3977 1276 4043 ut
1298 3956 1529 4063 superiorem¹

248 4102 501 4188 pentametrum
514 4097 592 4182 post
605 4092 753 4163 alterum
766 4093 1015 4185 hexametrum,
1026 4101 1106 4182 post
1115 4096 1265 4184 priorem
1275 4097 1518 4170 hexametrum

249 4223 396 4293 alterum
415 4223 666 4308 pentametrum
686 4216 751 4289 hac
770 4219 805 4289 in
824 4216 935 4290 forma
952 4224 1071 4307 ponat:

353 4413 468 4502 Atque
486 4411 536 4482 ibi
560 4412 706 4485 Fidenas
726 4414 828 4505 longa
847 4420 922 4485 erat
940 4413 1009 4483 isse
1028 4386 1094 4485 via.

248 4609 336 4680 Nam
355 4605 440 4678 illud
462 4608 596 4698 quidem
616 4608 666 4680 ita
683 4607 849 4700 efficitur,
878 4613 917 4678 ut
936 4612 1084 4697 utroque
1103 4609 1250 4681 disticho
1269 4610 1370 4682 binae
1387 4630 1444 4681 res
1467 4614 1516 4683 si·
