<?xml version="1.0" encoding="UTF-8"?>
<!DOCTYPE html PUBLIC "-//W3C//DTD XHTML 1.0 Transitional//EN"
    "http://www.w3.org/TR/xhtml1/DTD/xhtml1-transitional.dtd">
<html xmlns="http://www.w3.org/1999/xhtml" xml:lang="en" lang="en">
 <head>
  <title>
</title>
<meta http-equiv="Content-Type" content="text/html;charset=utf-8" />
  <meta name='ocr-system' content='tesseract 3.04.00' />
  <meta name='ocr-capabilities' content='ocr_page ocr_carea ocr_par ocr_line ocrx_word'/>
</head>
<body>
  <div class='ocr_page' id='page_1' title='image "./dequartopropert01voiggoog_0112.png"; bbox 0 0 3166 5146; ppageno 0'>
   <div class='ocr_carea' id='block_1_1' title="bbox 604 209 813 275">
    <p class='ocr_par' dir='ltr' id='par_1_1' title="bbox 604 209 813 275">
     <span class='ocr_line' id='line_1_1' title="bbox 604 209 813 275; baseline 0.014 -2"><span class='ocrx_word' id='word_1_1' title='bbox 604 209 813 275; x_wconf 79' lang='lat'>-107-</span> 
     </span>
    </p>
   </div>
   <div class='ocr_carea' id='block_1_2' title="bbox 67 413 1430 2347">
    <p class='ocr_par' dir='ltr' id='par_1_2' title="bbox 67 413 1430 2347">
     <span class='ocr_line' id='line_1_2' title="bbox 67 413 1339 505; baseline -0.002 -15"><span class='ocrx_word' id='word_1_2' title='bbox 67 417 149 491; x_wconf 85' lang='lat' dir='ltr'>¹eius</span> <span class='ocrx_word' id='word_1_3' title='bbox 173 413 279 486; x_wconf 86' lang='lat' dir='ltr'>fuerit</span> <span class='ocrx_word' id='word_1_4' title='bbox 301 418 364 504; x_wconf 88' lang='lat' dir='ltr'>(sc.</span> <span class='ocrx_word' id='word_1_5' title='bbox 389 415 693 505; x_wconf 82' lang='lat' dir='ltr'>considerabimus)</span> <span class='ocrx_word' id='word_1_6' title='bbox 717 418 907 488; x_wconf 90' lang='lat' dir='ltr'>cuiusmodi</span> <span class='ocrx_word' id='word_1_7' title='bbox 930 437 987 487; x_wconf 88' lang='lat' dir='ltr'>res</span> <span class='ocrx_word' id='word_1_8' title='bbox 1016 424 1160 488; x_wconf 89' lang='lat' dir='ltr'>mortem</span> <span class='ocrx_word' id='word_1_9' title='bbox 1190 420 1264 491; x_wconf 91' lang='lat' dir='ltr'>eius</span> <span class='ocrx_word' id='word_1_10' title='bbox 1294 420 1339 488; x_wconf 89' lang='lat' dir='ltr'>sit</span> 
     </span>
     <span class='ocr_line' id='line_1_3' title="bbox 77 539 1338 631; baseline 0.001 -20"><span class='ocrx_word' id='word_1_11' title='bbox 77 547 271 611; x_wconf 90' lang='lat' dir='ltr'>consecuta.</span> <span class='ocrx_word' id='word_1_12' title='bbox 299 580 349 590; x_wconf 90' lang='lat'>-</span> <span class='ocrx_word' id='word_1_13' title='bbox 372 540 424 610; x_wconf 88' lang='lat' dir='ltr'>Ac</span> <span class='ocrx_word' id='word_1_14' title='bbox 452 539 574 611; x_wconf 82' lang='lat' dir='ltr'>Cicero</span> <span class='ocrx_word' id='word_1_15' title='bbox 594 541 718 610; x_wconf 91' lang='lat' dir='ltr'>Partit.</span> <span class='ocrx_word' id='word_1_16' title='bbox 746 541 841 613; x_wconf 84' lang='lat' dir='ltr'><strong>Orat.</strong></span> <span class='ocrx_word' id='word_1_17' title='bbox 869 544 934 629; x_wconf 80' lang='lat'>23,</span> <span class='ocrx_word' id='word_1_18' title='bbox 957 545 1016 612; x_wconf 87' lang='lat'>82.</span> <span class='ocrx_word' id='word_1_19' title='bbox 1039 580 1086 590; x_wconf 85' lang='lat'>-—</span> <span class='ocrx_word' id='word_1_20' title='bbox 1114 541 1232 631; x_wconf 83' lang='lat' dir='ltr'>Neque</span> <span class='ocrx_word' id='word_1_21' title='bbox 1257 563 1338 612; x_wconf 88' lang='lat' dir='ltr'>vero</span> 
     </span>
     <span class='ocr_line' id='line_1_4' title="bbox 77 664 1340 754; baseline 0 -19"><span class='ocrx_word' id='word_1_22' title='bbox 77 685 179 753; x_wconf 84' lang='lat' dir='ltr'>mors,</span> <span class='ocrx_word' id='word_1_23' title='bbox 200 664 323 752; x_wconf 77' lang='lat' dir='ltr'>inquit,</span> <span class='ocrx_word' id='word_1_24' title='bbox 344 685 474 750; x_wconf 89' lang='lat' dir='ltr'>eorum,</span> <span class='ocrx_word' id='word_1_25' title='bbox 496 685 640 752; x_wconf 90' lang='lat' dir='ltr'>quorum</span> <span class='ocrx_word' id='word_1_26' title='bbox 660 668 729 734; x_wconf 90' lang='lat' dir='ltr'>vita</span> <span class='ocrx_word' id='word_1_27' title='bbox 755 664 963 752; x_wconf 81' lang='lat' dir='ltr'>laudabitur,</span> <span class='ocrx_word' id='word_1_28' title='bbox 991 665 1128 735; x_wconf 90' lang='lat' dir='ltr'>silentio</span> <span class='ocrx_word' id='word_1_29' title='bbox 1151 667 1340 754; x_wconf 89' lang='lat' dir='ltr'>praeteriri</span> 
     </span>
     <span class='ocr_line' id='line_1_5' title="bbox 77 787 1338 878; baseline 0 -19"><span class='ocrx_word' id='word_1_30' title='bbox 77 787 225 876; x_wconf 82' lang='lat' dir='ltr'>debebit,</span> <span class='ocrx_word' id='word_1_31' title='bbox 247 788 394 858; x_wconf 90' lang='lat' dir='ltr'>simodo</span> <span class='ocrx_word' id='word_1_32' title='bbox 421 788 501 874; x_wconf 93' lang='lat' dir='ltr'>quid</span> <span class='ocrx_word' id='word_1_33' title='bbox 525 789 591 859; x_wconf 89' lang='lat' dir='ltr'>erit</span> <span class='ocrx_word' id='word_1_34' title='bbox 614 788 950 858; x_wconf 89' lang='lat' dir='ltr'>animadvertendum</span> <span class='ocrx_word' id='word_1_35' title='bbox 976 796 1035 858; x_wconf 90' lang='lat' dir='ltr'>aut</span> <span class='ocrx_word' id='word_1_36' title='bbox 1059 789 1189 878; x_wconf 90' lang='lat' dir='ltr'>inipso</span> <span class='ocrx_word' id='word_1_37' title='bbox 1212 811 1338 878; x_wconf 84' lang='lat' dir='ltr'>genere</span> 
     </span>
     <span class='ocr_line' id='line_1_6' title="bbox 77 912 1338 1000; baseline 0.003 -19"><span class='ocrx_word' id='word_1_38' title='bbox 77 912 197 982; x_wconf 89' lang='lat' dir='ltr'>mortis</span> <span class='ocrx_word' id='word_1_39' title='bbox 225 918 285 980; x_wconf 87' lang='lat' dir='ltr'>aut</span> <span class='ocrx_word' id='word_1_40' title='bbox 315 912 349 979; x_wconf 94' lang='lat' dir='ltr'>in</span> <span class='ocrx_word' id='word_1_41' title='bbox 377 912 420 982; x_wconf 92' lang='lat' dir='ltr'>iis</span> <span class='ocrx_word' id='word_1_42' title='bbox 449 912 554 982; x_wconf 91' lang='lat' dir='ltr'>rebus</span> <span class='ocrx_word' id='word_1_43' title='bbox 583 932 668 1000; x_wconf 87' lang='lat' dir='ltr'>quae</span> <span class='ocrx_word' id='word_1_44' title='bbox 697 917 774 999; x_wconf 92' lang='lat' dir='ltr'>post</span> <span class='ocrx_word' id='word_1_45' title='bbox 801 920 948 981; x_wconf 90' lang='lat' dir='ltr'>mortem</span> <span class='ocrx_word' id='word_1_46' title='bbox 981 918 1084 981; x_wconf 87' lang='lat' dir='ltr'>erunt</span> <span class='ocrx_word' id='word_1_47' title='bbox 1116 923 1338 999; x_wconf 62' lang='lat' dir='ltr'>consecutam</span> 
     </span>
     <span class='ocr_line' id='line_1_7' title="bbox 76 1018 1338 1129; baseline 0.004 -24"><span class='ocrx_word' id='word_1_48' title='bbox 76 1018 235 1125; x_wconf 75' lang='lat' dir='ltr'>idemque</span> <span class='ocrx_word' id='word_1_49' title='bbox 263 1036 315 1105; x_wconf 87' lang='lat' dir='ltr'>De</span> <span class='ocrx_word' id='word_1_50' title='bbox 340 1045 426 1106; x_wconf 87' lang='lat' dir='ltr'>orat.</span> <span class='ocrx_word' id='word_1_51' title='bbox 452 1037 497 1124; x_wconf 79' lang='grc' dir='ltr'>ΙΙ,</span> <span class='ocrx_word' id='word_1_52' title='bbox 521 1038 589 1128; x_wconf 77' lang='grc' dir='ltr'>85,Ι</span> <span class='ocrx_word' id='word_1_53' title='bbox 605 1038 690 1106; x_wconf 85' lang='grc'><strong>347.</strong></span> <span class='ocrx_word' id='word_1_54' title='bbox 727 1037 849 1124; x_wconf 89' lang='lat' dir='ltr'>Neque</span> <span class='ocrx_word' id='word_1_55' title='bbox 877 1042 990 1106; x_wconf 88' lang='lat' dir='ltr'>tamen</span> <span class='ocrx_word' id='word_1_56' title='bbox 1022 1037 1080 1106; x_wconf 89' lang='lat' dir='ltr'>illa</span> <span class='ocrx_word' id='word_1_57' title='bbox 1107 1058 1176 1107; x_wconf 93' lang='lat' dir='ltr'>non</span> <span class='ocrx_word' id='word_1_58' title='bbox 1203 1047 1338 1129; x_wconf 87' lang='lat' dir='ltr'>ornant,</span> 
     </span>
     <span class='ocr_line' id='line_1_8' title="bbox 75 1160 1340 1249; baseline 0.002 -18"><span class='ocrx_word' id='word_1_59' title='bbox 75 1160 185 1231; x_wconf 89' lang='lat' dir='ltr'>habiti</span> <span class='ocrx_word' id='word_1_60' title='bbox 213 1161 376 1248; x_wconf 67' lang='lat' dir='ltr'>bonores</span> <span class='ocrx_word' id='word_1_61' title='bbox 411 1161 550 1231; x_wconf 88' lang='lat' dir='ltr'>decreta</span> <span class='ocrx_word' id='word_1_62' title='bbox 583 1161 737 1247; x_wconf 87' lang='lat' dir='ltr'>virtutis,</span> <span class='ocrx_word' id='word_1_63' title='bbox 772 1161 941 1249; x_wconf 87' lang='lat' dir='ltr'>praemia,</span> <span class='ocrx_word' id='word_1_64' title='bbox 973 1181 1030 1230; x_wconf 92' lang='lat' dir='ltr'>res</span> <span class='ocrx_word' id='word_1_65' title='bbox 1056 1169 1174 1249; x_wconf 80' lang='lat' dir='ltr'>gestae</span> <span class='ocrx_word' id='word_1_66' title='bbox 1202 1163 1340 1233; x_wconf 89' lang='lat' dir='ltr'>iudiciis</span> 
     </span>
     <span class='ocr_line' id='line_1_9' title="bbox 77 1282 1339 1375; baseline 0.003 -22"><span class='ocrx_word' id='word_1_67' title='bbox 77 1285 251 1356; x_wconf 89' lang='lat' dir='ltr'>hominurn</span> <span class='ocrx_word' id='word_1_68' title='bbox 282 1286 540 1374; x_wconf 89' lang='lat' dir='ltr'>comprobatae;</span> <span class='ocrx_word' id='word_1_69' title='bbox 568 1285 603 1352; x_wconf 93' lang='lat' dir='ltr'>in</span> <span class='ocrx_word' id='word_1_70' title='bbox 627 1284 751 1372; x_wconf 87' lang='lat' dir='ltr'>quibus</span> <span class='ocrx_word' id='word_1_71' title='bbox 775 1285 878 1354; x_wconf 88' lang='lat' dir='ltr'>etiam</span> <span class='ocrx_word' id='word_1_72' title='bbox 902 1282 1100 1354; x_wconf 86' lang='lat' dir='ltr'>felicitatem</span> <span class='ocrx_word' id='word_1_73' title='bbox 1124 1286 1232 1375; x_wconf 86' lang='lat' dir='ltr'>ipsam</span> <span class='ocrx_word' id='word_1_74' title='bbox 1256 1287 1339 1357; x_wconf 88' lang='lat' dir='ltr'>deo-</span> 
     </span>
     <span class='ocr_line' id='line_1_10' title="bbox 78 1407 1341 1498; baseline 0.002 -20"><span class='ocrx_word' id='word_1_75' title='bbox 78 1428 154 1478; x_wconf 88' lang='lat' dir='ltr'>rum</span> <span class='ocrx_word' id='word_1_76' title='bbox 173 1409 415 1478; x_wconf 86' lang='lat' dir='ltr'>immortalium</span> <span class='ocrx_word' id='word_1_77' title='bbox 436 1409 563 1478; x_wconf 91' lang='lat' dir='ltr'>iudicio</span> <span class='ocrx_word' id='word_1_78' title='bbox 590 1408 697 1477; x_wconf 91' lang='lat' dir='ltr'>tribui</span> <span class='ocrx_word' id='word_1_79' title='bbox 720 1407 927 1478; x_wconf 85' lang='lat' dir='ltr'>laudationis</span> <span class='ocrx_word' id='word_1_80' title='bbox 951 1415 1004 1479; x_wconf 89' lang='lat' dir='ltr'>est</span> <span class='ocrx_word' id='word_1_81' title='bbox 1023 1450 1084 1476; x_wconf 89' lang='lat'>—.</span> <span class='ocrx_word' id='word_1_82' title='bbox 1119 1410 1166 1479; x_wconf 76' lang='lat' dir='ltr'>dt</span> <span class='ocrx_word' id='word_1_83' title='bbox 1185 1409 1341 1498; x_wconf 79' lang='lat' dir='ltr'>Quincti-</span> 
     </span>
     <span class='ocr_line' id='line_1_11' title="bbox 80 1531 1430 1621; baseline 0.004 -22"><span class='ocrx_word' id='word_1_84' title='bbox 80 1531 188 1602; x_wconf 91' lang='lat' dir='ltr'>liauus</span> <span class='ocrx_word' id='word_1_85' title='bbox 206 1531 270 1620; x_wconf 90' lang='lat' dir='ltr'><strong>III,</strong></span> <span class='ocrx_word' id='word_1_86' title='bbox 293 1535 327 1621; x_wconf 81' lang='lat'>7,</span> <span class='ocrx_word' id='word_1_87' title='bbox 352 1534 410 1602; x_wconf 84' lang='lat' dir='ltr'>to,</span> <span class='ocrx_word' id='word_1_88' title='bbox 440 1532 553 1621; x_wconf 84' lang='lat' dir='ltr'>Magis</span> <span class='ocrx_word' id='word_1_89' title='bbox 576 1537 645 1620; x_wconf 87' lang='lat' dir='ltr'>est,</span> <span class='ocrx_word' id='word_1_90' title='bbox 670 1533 796 1621; x_wconf 84' lang='lat' dir='ltr'>inquit,</span> <span class='ocrx_word' id='word_1_91' title='bbox 822 1533 918 1602; x_wconf 89' lang='lat' dir='ltr'>varia</span> <span class='ocrx_word' id='word_1_92' title='bbox 940 1533 1014 1602; x_wconf 89' lang='lat' dir='ltr'>laus</span> <span class='ocrx_word' id='word_1_93' title='bbox 1038 1533 1224 1603; x_wconf 91' lang='lat' dir='ltr'>hominnm.</span> <span class='ocrx_word' id='word_1_94' title='bbox 1253 1535 1342 1605; x_wconf 87' lang='lat' dir='ltr'>Nam</span> <span class='ocrx_word' id='word_1_95' title='bbox 1426 1584 1430 1594; x_wconf 84' lang='lat'><em>·</em></span> 
     </span>
     <span class='ocr_line' id='line_1_12' title="bbox 79 1655 1342 1748; baseline 0.002 -23"><span class='ocrx_word' id='word_1_96' title='bbox 79 1656 226 1744; x_wconf 89' lang='lat' dir='ltr'>priumm</span> <span class='ocrx_word' id='word_1_97' title='bbox 246 1656 411 1726; x_wconf 91' lang='lat' dir='ltr'>dividitur</span> <span class='ocrx_word' id='word_1_98' title='bbox 431 1657 638 1744; x_wconf 82' lang='lat' dir='ltr'>intempore</span> <span class='ocrx_word' id='word_1_99' title='bbox 658 1657 820 1744; x_wconf 92' lang='lat' dir='ltr'>quodque</span> <span class='ocrx_word' id='word_1_100' title='bbox 840 1660 919 1726; x_wconf 86' lang='lat' dir='ltr'>ante</span> <span class='ocrx_word' id='word_1_101' title='bbox 943 1677 1001 1726; x_wconf 86' lang='lat' dir='ltr'>eos</span> <span class='ocrx_word' id='word_1_102' title='bbox 1025 1655 1089 1727; x_wconf 91' lang='lat' dir='ltr'>fuit</span> <span class='ocrx_word' id='word_1_103' title='bbox 1114 1678 1250 1748; x_wconf 92' lang='lat' dir='ltr'>quoque</span> <span class='ocrx_word' id='word_1_104' title='bbox 1275 1659 1342 1747; x_wconf 91' lang='lat' dir='ltr'>ipsi</span> 
     </span>
     <span class='ocr_line' id='line_1_13' title="bbox 79 1775 1341 1869; baseline 0.002 -20"><span class='ocrx_word' id='word_1_105' title='bbox 79 1780 255 1869; x_wconf 80' lang='lat' dir='ltr'>vixerunt3</span> <span class='ocrx_word' id='word_1_106' title='bbox 276 1778 383 1849; x_wconf 90' lang='lat' dir='ltr'>iubis</span> <span class='ocrx_word' id='word_1_107' title='bbox 403 1786 519 1850; x_wconf 87' lang='lat' dir='ltr'>autem</span> <span class='ocrx_word' id='word_1_108' title='bbox 539 1782 597 1869; x_wconf 94' lang='lat' dir='ltr'>qui</span> <span class='ocrx_word' id='word_1_109' title='bbox 616 1775 687 1849; x_wconf 89' lang='lat' dir='ltr'>fato</span> <span class='ocrx_word' id='word_1_110' title='bbox 707 1788 788 1849; x_wconf 90' lang='lat' dir='ltr'>sunt</span> <span class='ocrx_word' id='word_1_111' title='bbox 806 1777 916 1849; x_wconf 89' lang='lat' dir='ltr'>functi</span> <span class='ocrx_word' id='word_1_112' title='bbox 940 1781 1045 1849; x_wconf 89' lang='lat' dir='ltr'>etiam</span> <span class='ocrx_word' id='word_1_113' title='bbox 1065 1782 1157 1869; x_wconf 94' lang='lat' dir='ltr'>quod</span> <span class='ocrx_word' id='word_1_114' title='bbox 1181 1788 1234 1852; x_wconf 91' lang='lat' dir='ltr'>est</span> <span class='ocrx_word' id='word_1_115' title='bbox 1252 1784 1341 1853; x_wconf 91' lang='lat' dir='ltr'>inse-</span> 
     </span>
     <span class='ocr_line' id='line_1_14' title="bbox 80 1903 1342 1993; baseline 0.002 -20"><span class='ocrx_word' id='word_1_116' title='bbox 80 1912 207 1975; x_wconf 89' lang='lat' dir='ltr'>cutum.</span> <span class='ocrx_word' id='word_1_117' title='bbox 229 1943 279 1954; x_wconf 91' lang='lat'>-</span> <span class='ocrx_word' id='word_1_118' title='bbox 298 1905 346 1972; x_wconf 90' lang='lat' dir='ltr'>At</span> <span class='ocrx_word' id='word_1_119' title='bbox 372 1903 506 1974; x_wconf 91' lang='lat' dir='ltr'>luctum</span> <span class='ocrx_word' id='word_1_120' title='bbox 534 1910 568 1974; x_wconf 89' lang='lat' dir='ltr'>et</span> <span class='ocrx_word' id='word_1_121' title='bbox 596 1904 882 1993; x_wconf 87' lang='lat' dir='ltr'>approbationem</span> <span class='ocrx_word' id='word_1_122' title='bbox 909 1924 986 1973; x_wconf 91' lang='lat' dir='ltr'>cum</span> <span class='ocrx_word' id='word_1_123' title='bbox 1013 1904 1243 1976; x_wconf 91' lang='lat' dir='ltr'>multitudinis</span> <span class='ocrx_word' id='word_1_124' title='bbox 1270 1915 1342 1977; x_wconf 90' lang='lat' dir='ltr'>turn</span> 
     </span>
     <span class='ocr_line' id='line_1_15' title="bbox 79 2027 1342 2117; baseline 0.003 -21"><span class='ocrx_word' id='word_1_125' title='bbox 79 2029 198 2117; x_wconf 91' lang='lat' dir='ltr'>optimi</span> <span class='ocrx_word' id='word_1_126' title='bbox 216 2029 380 2116; x_wconf 90' lang='lat' dir='ltr'>cuiusque</span> <span class='ocrx_word' id='word_1_127' title='bbox 398 2029 434 2097; x_wconf 91' lang='lat' dir='ltr'>in</span> <span class='ocrx_word' id='word_1_128' title='bbox 454 2029 612 2098; x_wconf 86' lang='lat' dir='ltr'>laudibus</span> <span class='ocrx_word' id='word_1_129' title='bbox 631 2034 850 2098; x_wconf 88' lang='lat' dir='ltr'>mortuorum</span> <span class='ocrx_word' id='word_1_130' title='bbox 869 2030 950 2116; x_wconf 94' lang='lat' dir='ltr'>poni</span> <span class='ocrx_word' id='word_1_131' title='bbox 970 2033 1004 2098; x_wconf 91' lang='lat' dir='ltr'>et</span> <span class='ocrx_word' id='word_1_132' title='bbox 1023 2029 1156 2099; x_wconf 90' lang='lat' dir='ltr'>Auctor</span> <span class='ocrx_word' id='word_1_133' title='bbox 1180 2027 1342 2100; x_wconf 84' lang='lat' dir='ltr'>Consola-</span> 
     </span>
     <span class='ocr_line' id='line_1_16' title="bbox 79 2151 1343 2242; baseline 0.002 -21"><span class='ocrx_word' id='word_1_134' title='bbox 79 2153 180 2222; x_wconf 88' lang='lat' dir='ltr'>tionis</span> <span class='ocrx_word' id='word_1_135' title='bbox 204 2153 247 2222; x_wconf 91' lang='lat' dir='ltr'>ad</span> <span class='ocrx_word' id='word_1_136' title='bbox 271 2151 407 2222; x_wconf 88' lang='lat' dir='ltr'>Liviam</span> <span class='ocrx_word' id='word_1_137' title='bbox 427 2153 617 2242; x_wconf 84' lang='lat' dir='ltr'>Augustam</span> <span class='ocrx_word' id='word_1_138' title='bbox 636 2158 797 2239; x_wconf 80' lang='lat' dir='ltr'>testatur,</span> <span class='ocrx_word' id='word_1_139' title='bbox 823 2173 899 2222; x_wconf 92' lang='lat' dir='ltr'>cum</span> <span class='ocrx_word' id='word_1_140' title='bbox 919 2153 1091 2222; x_wconf 91' lang='lat' dir='ltr'>communi</span> <span class='ocrx_word' id='word_1_141' title='bbox 1113 2154 1262 2223; x_wconf 91' lang='lat' dir='ltr'>omnium</span> <span class='ocrx_word' id='word_1_142' title='bbox 1286 2175 1343 2224; x_wconf 90' lang='lat' dir='ltr'>or-</span> 
     </span>
     <span class='ocr_line' id='line_1_17' title="bbox 77 2275 773 2347; baseline -0.001 -2"><span class='ocrx_word' id='word_1_143' title='bbox 77 2277 192 2346; x_wconf 90' lang='lat' dir='ltr'>dinum</span> <span class='ocrx_word' id='word_1_144' title='bbox 211 2275 307 2346; x_wconf 91' lang='lat' dir='ltr'>luctu</span> <span class='ocrx_word' id='word_1_145' title='bbox 326 2276 530 2347; x_wconf 89' lang='lat' dir='ltr'>adumbrato</span> <span class='ocrx_word' id='word_1_146' title='bbox 548 2286 597 2347; x_wconf 83' lang='lat' dir='ltr'>ts</span> <span class='ocrx_word' id='word_1_147' title='bbox 621 2280 707 2346; x_wconf 85' lang='lat'><strong>209.</strong></span> <span class='ocrx_word' id='word_1_148' title='bbox 729 2297 773 2345; x_wconf 78' lang='lat' dir='ltr'>ss,</span> 
     </span>
    </p>
   </div>
   <div class='ocr_carea' id='block_1_3' title="bbox 234 2485 1319 2944">
    <p class='ocr_par' dir='ltr' id='par_1_3' title="bbox 235 2485 1319 2700">
     <span class='ocr_line' id='line_1_18' title="bbox 235 2485 1319 2577; baseline 0.001 -21"><span class='ocrx_word' id='word_1_149' title='bbox 235 2486 283 2556; x_wconf 88' lang='lat' dir='ltr'>Et</span> <span class='ocrx_word' id='word_1_150' title='bbox 301 2505 397 2571; x_wconf 87' lang='lat' dir='ltr'>voce,</span> <span class='ocrx_word' id='word_1_151' title='bbox 418 2485 542 2572; x_wconf 81' lang='lat' dir='ltr'>inquit,</span> <span class='ocrx_word' id='word_1_152' title='bbox 565 2493 600 2554; x_wconf 90' lang='lat' dir='ltr'>ct</span> <span class='ocrx_word' id='word_1_153' title='bbox 619 2486 772 2555; x_wconf 89' lang='lat' dir='ltr'>lacrimis</span> <span class='ocrx_word' id='word_1_154' title='bbox 792 2486 950 2575; x_wconf 89' lang='lat' dir='ltr'>laudasti,</span> <span class='ocrx_word' id='word_1_155' title='bbox 973 2486 1113 2576; x_wconf 82' lang='lat' dir='ltr'>Caesar,</span> <span class='ocrx_word' id='word_1_156' title='bbox 1133 2488 1319 2577; x_wconf 89' lang='lat' dir='ltr'>alumnum,</span> 
     </span>
     <span class='ocr_line' id='line_1_19' title="bbox 288 2607 1082 2700; baseline 0.006 -24"><span class='ocrx_word' id='word_1_157' title='bbox 288 2608 416 2678; x_wconf 88' lang='lat' dir='ltr'>Tristia</span> <span class='ocrx_word' id='word_1_158' title='bbox 434 2629 509 2677; x_wconf 89' lang='lat' dir='ltr'>cum</span> <span class='ocrx_word' id='word_1_159' title='bbox 529 2607 662 2679; x_wconf 90' lang='lat' dir='ltr'>medius</span> <span class='ocrx_word' id='word_1_160' title='bbox 680 2618 858 2697; x_wconf 88' lang='lat' dir='ltr'>rumperet</span> <span class='ocrx_word' id='word_1_161' title='bbox 875 2630 956 2679; x_wconf 87' lang='lat' dir='ltr'>orsa</span> <span class='ocrx_word' id='word_1_162' title='bbox 974 2611 1082 2700; x_wconf 87' lang='lat' dir='ltr'>dolor.</span> 
     </span>
    </p>

    <p class='ocr_par' dir='ltr' id='par_1_4' title="bbox 234 2731 1083 2944">
     <span class='ocr_line' id='line_1_20' title="bbox 234 2731 1018 2821; baseline 0.005 -19"><span class='ocrx_word' id='word_1_163' title='bbox 234 2734 285 2802; x_wconf 91' lang='lat' dir='ltr'>Tu</span> <span class='ocrx_word' id='word_1_164' title='bbox 305 2733 413 2802; x_wconf 90' lang='lat' dir='ltr'>letum</span> <span class='ocrx_word' id='word_1_165' title='bbox 432 2731 641 2821; x_wconf 88' lang='lat' dir='ltr'>optasti·Dis</span> <span class='ocrx_word' id='word_1_166' title='bbox 660 2735 899 2805; x_wconf 88' lang='lat' dir='ltr'>aversantibus</span> <span class='ocrx_word' id='word_1_167' title='bbox 918 2755 1018 2806; x_wconf 88' lang='lat' dir='ltr'>omen</span> 
     </span>
     <span class='ocr_line' id='line_1_21' title="bbox 287 2855 1083 2944; baseline -0.003 -18"><span class='ocrx_word' id='word_1_168' title='bbox 287 2855 356 2926; x_wconf 90' lang='lat' dir='ltr'>Par</span> <span class='ocrx_word' id='word_1_169' title='bbox 374 2855 450 2944; x_wconf 87' lang='lat' dir='ltr'>tibi,</span> <span class='ocrx_word' id='word_1_170' title='bbox 471 2857 499 2926; x_wconf 89' lang='lat' dir='ltr'>si</span> <span class='ocrx_word' id='word_1_171' title='bbox 519 2855 673 2925; x_wconf 88' lang='lat' dir='ltr'>sinerent</span> <span class='ocrx_word' id='word_1_172' title='bbox 690 2861 726 2924; x_wconf 91' lang='lat' dir='ltr'>te</span> <span class='ocrx_word' id='word_1_173' title='bbox 744 2863 803 2926; x_wconf 93' lang='lat' dir='ltr'>tua</span> <span class='ocrx_word' id='word_1_174' title='bbox 822 2855 893 2926; x_wconf 82' lang='lat' dir='ltr'>fata</span> <span class='ocrx_word' id='word_1_175' title='bbox 912 2857 1010 2927; x_wconf 89' lang='lat' dir='ltr'>mori.</span> <span class='ocrx_word' id='word_1_176' title='bbox 1032 2898 1083 2909; x_wconf 84' lang='lat'><em>-</em></span> 
     </span>
    </p>
   </div>
   <div class='ocr_carea' id='block_1_4' title="bbox 77 2992 1259 3266">
    <p class='ocr_par' dir='ltr' id='par_1_5' title="bbox 77 2992 1259 3266">
     <span class='ocr_line' id='line_1_22' title="bbox 77 2992 1259 3139; baseline -0.006 -18"><span class='ocrx_word' id='word_1_177' title='bbox 77 3060 111 3121; x_wconf 93' lang='lat' dir='ltr'>et</span> <span class='ocrx_word' id='word_1_178' title='bbox 128 3055 213 3120; x_wconf 80' lang='lat'>215.</span> <span class='ocrx_word' id='word_1_179' title='bbox 236 3050 403 3137; x_wconf 80' lang='lat' dir='ltr'>—Quod</span> <span class='ocrx_word' id='word_1_180' title='bbox 422 3051 524 3139; x_wconf 89' lang='lat' dir='ltr'>petiit</span> <span class='ocrx_word' id='word_1_181' title='bbox 542 3051 624 3120; x_wconf 89' lang='lat' dir='ltr'>tulit</span> <span class='ocrx_word' id='word_1_182' title='bbox 642 3049 714 3138; x_wconf 89' lang='lat' dir='ltr'>ille,</span> <span class='ocrx_word' id='word_1_183' title='bbox 736 3049 799 3118; x_wconf 93' lang='lat' dir='ltr'>tibi</span> <span class='ocrx_word' id='word_1_184' title='bbox 820 3059 857 3119; x_wconf 87' lang='lat' dir='ltr'>ut</span> <span class='ocrx_word' id='word_1_185' title='bbox 876 2992 1047 3119; x_wconf 61' lang='lat' dir='ltr'>sualacta</span> <span class='ocrx_word' id='word_1_186' title='bbox 1066 3050 1259 3139; x_wconf 87' lang='lat' dir='ltr'>placerent:</span> 
     </span>
     <span class='ocr_line' id='line_1_23' title="bbox 249 3173 1176 3266; baseline -0.004 -21"><span class='ocrx_word' id='word_1_187' title='bbox 249 3256 254 3266; x_wconf 85' lang='lat'><strong>.</strong></span> <span class='ocrx_word' id='word_1_188' title='bbox 285 3173 483 3261; x_wconf 84' lang='lat' dir='ltr'>Magnaque</span> <span class='ocrx_word' id='word_1_189' title='bbox 502 3174 662 3244; x_wconf 90' lang='lat' dir='ltr'>laudatus</span> <span class='ocrx_word' id='word_1_190' title='bbox 681 3174 833 3263; x_wconf 90' lang='lat' dir='ltr'>praemia</span> <span class='ocrx_word' id='word_1_191' title='bbox 853 3173 975 3244; x_wconf 91' lang='lat' dir='ltr'>mortis</span> <span class='ocrx_word' id='word_1_192' title='bbox 994 3174 1100 3245; x_wconf 91' lang='lat' dir='ltr'>babet</span> <span class='ocrx_word' id='word_1_193' title='bbox 1112 3199 1176 3262; x_wconf 89' lang='lat'>—;</span> 
     </span>
    </p>
   </div>
   <div class='ocr_carea' id='block_1_5' title="bbox 77 3386 1339 3478">
    <p class='ocr_par' dir='ltr' id='par_1_6' title="bbox 77 3386 1339 3478">
     <span class='ocr_line' id='line_1_24' title="bbox 77 3386 1339 3478; baseline 0.002 -20"><span class='ocrx_word' id='word_1_194' title='bbox 77 3388 285 3458; x_wconf 89' lang='lat' dir='ltr'>etHoratius</span> <span class='ocrx_word' id='word_1_195' title='bbox 297 3387 673 3478; x_wconf 79' lang='lat' dir='ltr'>curnO.l,24‚9.dicit:</span> <span class='ocrx_word' id='word_1_196' title='bbox 685 3388 807 3458; x_wconf 92' lang='lat' dir='ltr'>Multis</span> <span class='ocrx_word' id='word_1_197' title='bbox 817 3388 874 3459; x_wconf 91' lang='lat' dir='ltr'>ille</span> <span class='ocrx_word' id='word_1_198' title='bbox 884 3389 994 3458; x_wconf 91' lang='lat' dir='ltr'>bouus</span> <span class='ocrx_word' id='word_1_199' title='bbox 1004 3386 1129 3458; x_wconf 91' lang='lat' dir='ltr'>flebilis</span> <span class='ocrx_word' id='word_1_200' title='bbox 1142 3388 1339 3460; x_wconf 79' lang='lat' dir='ltr'>oceidit-.</span> 
     </span>
    </p>
   </div>
   <div class='ocr_carea' id='block_1_6' title="bbox 77 3607 1345 4578">
    <p class='ocr_par' dir='ltr' id='par_1_7' title="bbox 77 3607 1345 4578">
     <span class='ocr_line' id='line_1_25' title="bbox 77 3607 1342 3707; baseline 0.003 -23"><span class='ocrx_word' id='word_1_201' title='bbox 77 3615 234 3704; x_wconf 90' lang='lat' dir='ltr'>Itemque</span> <span class='ocrx_word' id='word_1_202' title='bbox 244 3616 345 3686; x_wconf 91' lang='lat' dir='ltr'>liberi</span> <span class='ocrx_word' id='word_1_203' title='bbox 355 3618 560 3706; x_wconf 90' lang='lat' dir='ltr'>omninoque</span> <span class='ocrx_word' id='word_1_204' title='bbox 572 3607 757 3707; x_wconf 90' lang='lat' dir='ltr'>propinqui</span> <span class='ocrx_word' id='word_1_205' title='bbox 773 3616 974 3704; x_wconf 88' lang='lat' dir='ltr'>superstites</span> <span class='ocrx_word' id='word_1_206' title='bbox 990 3626 1030 3687; x_wconf 94' lang='lat' dir='ltr'>ut</span> <span class='ocrx_word' id='word_1_207' title='bbox 1047 3638 1208 3705; x_wconf 81' lang='lat' dir='ltr'>maguum</span> <span class='ocrx_word' id='word_1_208' title='bbox 1223 3619 1342 3689; x_wconf 90' lang='lat' dir='ltr'>mortis</span> 
     </span>
     <span class='ocr_line' id='line_1_26' title="bbox 78 3741 1343 3831; baseline 0.004 -24"><span class='ocrx_word' id='word_1_209' title='bbox 78 3748 315 3808; x_wconf 88' lang='lat' dir='ltr'>ornamentum</span> <span class='ocrx_word' id='word_1_210' title='bbox 344 3754 580 3812; x_wconf 89' lang='lat' dir='ltr'>memorantur</span> <span class='ocrx_word' id='word_1_211' title='bbox 608 3763 629 3811; x_wconf 88' lang='lat' dir='ltr'>a</span> <span class='ocrx_word' id='word_1_212' title='bbox 654 3742 776 3811; x_wconf 87' lang='lat' dir='ltr'>Tacito</span> <span class='ocrx_word' id='word_1_213' title='bbox 801 3741 953 3828; x_wconf 83' lang='lat' dir='ltr'>Agricol.</span> <span class='ocrx_word' id='word_1_214' title='bbox 975 3747 1036 3812; x_wconf 87' lang='grc'>44.</span> <span class='ocrx_word' id='word_1_215' title='bbox 1060 3782 1106 3794; x_wconf 92' lang='grc'>-</span> <span class='ocrx_word' id='word_1_216' title='bbox 1128 3743 1217 3814; x_wconf 87' lang='lat' dir='ltr'>Filia</span> <span class='ocrx_word' id='word_1_217' title='bbox 1239 3748 1343 3831; x_wconf 88' lang='lat' dir='ltr'>atque</span> 
     </span>
     <span class='ocr_line' id='line_1_27' title="bbox 77 3865 1343 3956; baseline 0.006 -25"><span class='ocrx_word' id='word_1_218' title='bbox 77 3883 182 3932; x_wconf 82' lang='lat' dir='ltr'>uxore</span> <span class='ocrx_word' id='word_1_219' title='bbox 201 3865 448 3951; x_wconf 89' lang='lat' dir='ltr'>superstitibus</span> <span class='ocrx_word' id='word_1_220' title='bbox 467 3873 582 3956; x_wconf 90' lang='lat' dir='ltr'>potest</span> <span class='ocrx_word' id='word_1_221' title='bbox 600 3866 709 3935; x_wconf 88' lang='lat' dir='ltr'>videri</span> <span class='ocrx_word' id='word_1_222' title='bbox 728 3866 830 3935; x_wconf 89' lang='lat' dir='ltr'>etiam</span> <span class='ocrx_word' id='word_1_223' title='bbox 846 3865 967 3935; x_wconf 88' lang='lat' dir='ltr'>beatus</span> <span class='ocrx_word' id='word_1_224' title='bbox 984 3867 1146 3937; x_wconf 91' lang='lat' dir='ltr'>incolumi</span> <span class='ocrx_word' id='word_1_225' title='bbox 1162 3867 1343 3956; x_wconf 84' lang='lat' dir='ltr'>dignitate,</span> 
     </span>
     <span class='ocr_line' id='line_1_28' title="bbox 77 3984 1341 4080; baseline 0.005 -25"><span class='ocrx_word' id='word_1_226' title='bbox 77 3985 221 4056; x_wconf 89' lang='lat' dir='ltr'>florente</span> <span class='ocrx_word' id='word_1_227' title='bbox 244 3984 346 4075; x_wconf 83' lang='lat' dir='ltr'>fama,</span> <span class='ocrx_word' id='word_1_228' title='bbox 373 3989 476 4060; x_wconf 89' lang='lat' dir='ltr'>salvis</span> <span class='ocrx_word' id='word_1_229' title='bbox 495 3989 732 4060; x_wconf 90' lang='lat' dir='ltr'>adfinitatibus</span> <span class='ocrx_word' id='word_1_230' title='bbox 757 3996 792 4058; x_wconf 91' lang='lat' dir='ltr'>et</span> <span class='ocrx_word' id='word_1_231' title='bbox 816 3989 935 4059; x_wconf 90' lang='lat' dir='ltr'>amicis</span> <span class='ocrx_word' id='word_1_232' title='bbox 958 3988 1077 4060; x_wconf 85' lang='lat' dir='ltr'>lutura</span> <span class='ocrx_word' id='word_1_233' title='bbox 1101 3990 1259 4079; x_wconf 82' lang='lat' dir='ltr'>effugisse</span> <span class='ocrx_word' id='word_1_234' title='bbox 1279 4030 1341 4080; x_wconf 91' lang='lat'>-,</span> 
     </span>
     <span class='ocr_line' id='line_1_29' title="bbox 80 4109 1345 4203; baseline 0.007 -25"><span class='ocrx_word' id='word_1_235' title='bbox 80 4116 115 4179; x_wconf 89' lang='lat' dir='ltr'>et</span> <span class='ocrx_word' id='word_1_236' title='bbox 139 4130 159 4179; x_wconf 89' lang='lat' dir='ltr'>a</span> <span class='ocrx_word' id='word_1_237' title='bbox 181 4109 292 4181; x_wconf 92' lang='lat' dir='ltr'>Plinio</span> <span class='ocrx_word' id='word_1_238' title='bbox 316 4111 383 4199; x_wconf 87' lang='lat' dir='ltr'>Ep.</span> <span class='ocrx_word' id='word_1_239' title='bbox 404 4113 431 4202; x_wconf 90' lang='lat' dir='ltr'>l,</span> <span class='ocrx_word' id='word_1_240' title='bbox 456 4118 514 4203; x_wconf 83' lang='lat'>12,</span> <span class='ocrx_word' id='word_1_241' title='bbox 544 4113 603 4185; x_wconf 93' lang='lat' dir='ltr'>ubi</span> <span class='ocrx_word' id='word_1_242' title='bbox 631 4114 673 4184; x_wconf 90' lang='lat' dir='ltr'>dc</span> <span class='ocrx_word' id='word_1_243' title='bbox 700 4111 848 4183; x_wconf 84' lang='lat' dir='ltr'>Corellio</span> <span class='ocrx_word' id='word_1_244' title='bbox 872 4112 962 4185; x_wconf 89' lang='lat' dir='ltr'>Rufo</span> <span class='ocrx_word' id='word_1_245' title='bbox 986 4114 1154 4203; x_wconf 82' lang='lat' dir='ltr'>loquitur:</span> <span class='ocrx_word' id='word_1_246' title='bbox 1184 4116 1345 4187; x_wconf 91' lang='lat' dir='ltr'>Decessit</span> 
     </span>
     <span class='ocr_line' id='line_1_30' title="bbox 80 4236 1342 4329; baseline 0.002 -23"><span class='ocrx_word' id='word_1_247' title='bbox 80 4236 325 4326; x_wconf 87' lang='lat' dir='ltr'>superstitibus</span> <span class='ocrx_word' id='word_1_248' title='bbox 344 4238 427 4326; x_wconf 86' lang='lat' dir='ltr'>suis,</span> <span class='ocrx_word' id='word_1_249' title='bbox 447 4238 590 4311; x_wconf 88' lang='lat' dir='ltr'>florente</span> <span class='ocrx_word' id='word_1_250' title='bbox 608 4239 787 4329; x_wconf 90' lang='lat' dir='ltr'>republica</span> <span class='ocrx_word' id='word_1_251' title='bbox 806 4274 856 4288; x_wconf 96' lang='lat'><em>-</em></span> <span class='ocrx_word' id='word_1_252' title='bbox 875 4244 911 4307; x_wconf 93' lang='lat' dir='ltr'>et</span> <span class='ocrx_word' id='word_1_253' title='bbox 933 4239 997 4308; x_wconf 89' lang='lat' dir='ltr'>hoc</span> <span class='ocrx_word' id='word_1_254' title='bbox 1016 4240 1100 4311; x_wconf 87' lang='lat' dir='ltr'>scio.</span> <span class='ocrx_word' id='word_1_255' title='bbox 1130 4241 1206 4329; x_wconf 82' lang='lat' dir='ltr'>Ego</span> <span class='ocrx_word' id='word_1_256' title='bbox 1226 4244 1342 4311; x_wconf 88' lang='lat' dir='ltr'>tamen</span> 
     </span>
     <span class='ocr_line' id='line_1_31' title="bbox 79 4358 1341 4448; baseline 0.003 -20"><span class='ocrx_word' id='word_1_257' title='bbox 79 4360 187 4433; x_wconf 91' lang='lat' dir='ltr'>doleo.</span> <span class='ocrx_word' id='word_1_258' title='bbox 213 4403 256 4412; x_wconf 89' lang='lat'>—-</span> <span class='ocrx_word' id='word_1_259' title='bbox 280 4358 453 4448; x_wconf 76' lang='lat' dir='ltr'>Quantum</span> <span class='ocrx_word' id='word_1_260' title='bbox 480 4370 596 4433; x_wconf 89' lang='lat' dir='ltr'>autem</span> <span class='ocrx_word' id='word_1_261' title='bbox 619 4363 661 4434; x_wconf 92' lang='lat' dir='ltr'>ad</span> <span class='ocrx_word' id='word_1_262' title='bbox 685 4363 887 4435; x_wconf 84' lang='lat' dir='ltr'>feminarum</span> <span class='ocrx_word' id='word_1_263' title='bbox 912 4361 1112 4434; x_wconf 86' lang='lat' dir='ltr'>felicitatem</span> <span class='ocrx_word' id='word_1_264' title='bbox 1136 4365 1256 4434; x_wconf 88' lang='lat' dir='ltr'>mortis</span> <span class='ocrx_word' id='word_1_265' title='bbox 1279 4362 1341 4432; x_wconf 92' lang='lat' dir='ltr'>ho·</span> 
     </span>
     <span class='ocr_line' id='line_1_32' title="bbox 79 4484 1341 4578; baseline 0.002 -23"><span class='ocrx_word' id='word_1_266' title='bbox 79 4484 223 4557; x_wconf 87' lang='lat' dir='ltr'>noribus</span> <span class='ocrx_word' id='word_1_267' title='bbox 251 4487 522 4578; x_wconf 90' lang='lat' dir='ltr'>propinquorum</span> <span class='ocrx_word' id='word_1_268' title='bbox 555 4487 722 4558; x_wconf 89' lang='lat' dir='ltr'>tributum</span> <span class='ocrx_word' id='word_1_269' title='bbox 755 4488 817 4578; x_wconf 86' lang='lat' dir='ltr'>sit,</span> <span class='ocrx_word' id='word_1_270' title='bbox 851 4488 996 4558; x_wconf 85' lang='lat' dir='ltr'>maxime</span> <span class='ocrx_word' id='word_1_271' title='bbox 1026 4487 1179 4559; x_wconf 92' lang='lat' dir='ltr'>cernitur</span> <span class='ocrx_word' id='word_1_272' title='bbox 1213 4507 1255 4557; x_wconf 89' lang='lat' dir='ltr'>ex</span> <span class='ocrx_word' id='word_1_273' title='bbox 1287 4484 1341 4576; x_wconf 88' lang='lat' dir='ltr'>iis,</span> 
     </span>
    </p>
   </div>
   <div class='ocr_carea' id='block_1_7' title="bbox 0 0 1593 5146">
    <p class='ocr_par' dir='ltr' id='par_1_8' title="bbox 0 0 1593 5146">
     <span class='ocr_line' id='line_1_33' title="bbox 0 0 1593 5146; baseline 0 0"><span class='ocrx_word' id='word_1_274' title='bbox 0 0 1593 5146; x_wconf 95' lang='lat' dir='ltr'> </span> 
     </span>
    </p>
   </div>
  </div>
 </body>
</html>
