3166 5146
745 134 958 247 -72-

435 384 582 457 Horruit
601 387 725 478 algenti
745 387 887 478 pergula
906 395 1004 458 curta·
1023 388 1097 458 foco
1114 426 1158 440 -

225 578 260 646 in
285 577 377 647 illius
402 579 513 649 locum
540 581 717 652 transfert.
742 581 828 652 Nam
855 602 941 670 quae
965 581 1023 650 illo
1048 602 1150 650 versu
1175 580 1391 670 significetur
1417 605 1488 652 ma·

115 745 123 759 ·
226 703 296 770 cies
315 722 391 771 cum
412 725 474 773 neo
493 703 668 794 Propertii
688 725 752 774 uec
771 704 907 793 puellae
926 706 1038 793 possit
1052 725 1126 775 esse
1145 704 1242 774 lenae
1262 712 1300 775 ut
1320 706 1365 774 sit
1384 707 1487 775 relin-

226 826 282 913 qui
304 832 339 895 et
358 829 536 897 convenire
560 829 594 896 iu
620 829 769 898 subitam
799 829 874 897 eius
897 837 1044 898 mortem
1070 849 1157 917 quae
1181 828 1326 898 Veneris
1350 830 1488 898 numine

136 947 143 954 ”
226 947 414 1037 efficiatur3
434 957 591 1021 mortuae
609 972 716 1040 porro
737 952 888 1040 speciem
908 951 1057 1022 describi
1075 973 1141 1021 non
1164 972 1281 1040 posse,
1307 953 1370 1021 nisi
1389 954 1486 1040 prius

227 1092 301 1141 esse
321 1084 491 1143 mortuam
511 1087 738 1145 memoratum
758 1078 822 1145 sit:
854 1070 935 1163 ergo
961 1074 1053 1146 illinc
1076 1086 1215 1144 versum
1239 1096 1315 1144 eum
1340 1097 1415 1146 esse
1434 1097 1489 1146 re-

226 1198 442 1266 movendum.
474 1198 608 1268 Rursus
628 1206 707 1286 post
734 1208 957 1277 memoratam
980 1199 1077 1269 lenae
1102 1206 1247 1269 mortem
1271 1221 1409 1270 versum
1430 1204 1491 1271 70.

228 1320 321 1389 nulla
345 1323 534 1392 sententiae
553 1322 807 1393 necessitudine
827 1344 904 1392 cum
924 1323 1089 1411 proximis
1109 1344 1184 1394 esse
1204 1324 1435 1412 coniunctum,
1453 1330 1489 1394 at

229 1446 394 1532 egestatis
419 1446 534 1515 statim
557 1452 638 1534 post
661 1447 855 1516 divitiarum
881 1447 1032 1517 studium
1056 1447 1190 1534 puellae
1216 1449 1490 1518 commendatum

228 1579 306 1656 apte
324 1566 399 1636 fieri
418 1571 639 1639 mentionem:
666 1591 740 1640 esse
764 1571 871 1658 igitur
895 1570 988 1641 locos
1012 1572 1134 1641 horum
1162 1593 1323 1640 versuum
1342 1574 1433 1642 inter
1454 1593 1490 1640 se

229 1692 502 1762 commutandos.
523 1693 561 1762 lu
581 1715 650 1782 qua
668 1696 961 1782 argumentatione
981 1701 1114 1764 tautum
1136 1693 1237 1765 facile
1256 1694 1490 1783 concedimus,

229 1816 371 1886 maciem
391 1837 454 1887 uec
472 1817 610 1904 puellae
633 1838 710 1887 esse
739 1838 801 1887 uec
823 1819 1015 1906 Propertii3
1045 1839 1147 1907 quam
1172 1841 1245 1889 rem
1270 1841 1347 1889 cum
1368 1817 1492 1888 multos

228 1937 435 2026 interpretes
456 1951 529 2009 tum
549 1941 817 2029 Hertzbergium
837 1939 999 2011 fefellisse
1020 1944 1240 2013 vehementer
1264 1945 1382 2013 miror.
1405 1943 1490 2014 Ubi-

230 2083 363 2150 cunque
383 2065 471 2133 enim
492 2066 683 2133 amantium
702 2067 828 2134 macies
846 2071 1057 2134 memoratur
1071 2105 1117 2117 —
1136 2076 1170 2135 et
1189 2076 1400 2135 memoratur
1418 2087 1492 2136 cre-

230 2185 381 2256 berrime
401 2227 451 2237 -
471 2188 517 2256 ibi
541 2194 613 2276 aut,
642 2198 680 2258 ut
697 2188 968 2258 Luettiohannes
991 2194 1086 2255 recte
1112 2187 1289 2271 admouet,
1316 2208 1336 2256 a
1355 2208 1437 2256 cura
1457 2196 1492 2256 et

231 2309 402 2380 desiderio
432 2318 491 2380 aut
518 2333 539 2381 a
567 2311 737 2381 veneficiis
765 2318 825 2379 aut
852 2331 873 2379 a
900 2311 1008 2379 multo
1037 2309 1184 2378 Veneris
1211 2330 1273 2378 usu
1302 2308 1492 2396 proficisci·

231 2431 347 2520 tor*),
381 2454 470 2521 quae
493 2435 535 2504 ab
560 2435 722 2505 hocloco
747 2434 861 2504 omnia
887 2434 998 2504 aliena
1022 2438 1121 2502 sunt:
1151 2433 1348 2520 repentinus
1376 2439 1495 2501 terror

232 2566 268 2626 et
287 2567 398 2626 metus
417 2558 547 2646 pallore
566 2580 632 2628 nou
656 2558 763 2628 macie
786 2559 950 2627 cernitur.
982 2555 1206 2626 Anicularum
1229 2563 1341 2626 antem
1367 2556 1493 2650 macies

232 2700 308 2748 cum
328 2680 408 2751 alibi
433 2703 534 2770 saepe
556 2689 843 2752 commemoratur
852 2681 913 2768 **),
942 2689 1013 2749 tum
1033 2681 1066 2749 iu
1086 2680 1174 2748 hauc
1193 2679 1303 2748 lenam
1323 2701 1362 2749 eo
1383 2681 1487 2766 magis

233 2807 406 2892 convenit,
436 2807 526 2895 quod
545 2827 624 2875 mox
643 2806 729 2875 tussi
753 2806 918 2893 moritur,
943 2811 980 2874 ut
999 2805 1139 2874 eaedem
1164 2824 1221 2873 res
1240 2804 1339 2891 duae,
1370 2804 1491 2873 macies

233 2932 269 2998 et
287 2931 404 3019 tussis,
425 2931 626 3001 coniunctae
645 2929 777 2998 suntin
796 2929 980 3018 Antholog.
1002 2929 1078 2999 Lat.
1101 2927 1252 3018 (Meieri)
1276 2931 1386 2998 1631.

286 3265 310 3332 *l
329 3265 366 3320 Ut
384 3281 471 3333 pauca
488 3263 520 3318 de
537 3263 630 3318 multis
655 3263 812 3332 offeramur,
833 3281 849 3318 a
872 3263 1024 3318 desiderio:
1043 3262 1125 3329 Prop.
1143 3261 1191 3328 IV,
1211 3265 1234 3327 3,
1250 3265 1291 3315 27.
1311 3277 1332 3314 s.
1347 3261 1456 3315 Diceris
1471 3268 1497 3315 et
1552 3291 1555 3296 ·

236 3356 323 3408 macie
337 3354 441 3407 vultum
456 3363 590 3422 tenuasse,
604 3353 650 3407 sed
676 3360 739 3420 opto
754 3354 777 3406 E
792 3353 928 3407 desiderio
952 3352 988 3404 sit
1003 3351 1079 3404 color
1097 3351 1149 3404 iste
1164 3367 1232 3405 meo.
1247 3351 1268 3416 Ι,
1284 3353 1308 3424 ξ),
1324 3353 1366 3404 21.
1381 3353 1436 3404 Aut
1450 3367 1497 3404 cur

237 3444 286 3497 sim
300 3449 359 3495 toto
374 3457 487 3508 corpure
497 3443 590 3496 nullus
604 3459 661 3510 ego.
677 3443 698 3510 Ι,
708 3445 733 3510 9,
744 3446 786 3496 29.
802 3443 855 3507 tlui
871 3458 926 3493 non
940 3446 1000 3494 aute
1015 3447 1099 3507 patet,
1114 3440 1199 3493 donec
1213 3454 1308 3492 manus
1323 3438 1415 3506 attigit
1429 3456 1498 3493 ossa.

235 3531 327 3588 11.11.
346 3533 385 3582 17.
401 3531 470 3596 Quid
493 3532 543 3583 tibi
564 3531 711 3603 iucundum
730 3537 772 3584 est
791 3530 872 3583 siccis
892 3529 1017 3582 habitare
1036 3528 1180 3581 medullisl
1202 3527 1279 3580 Ouid.
1293 3526 1359 3581 Iler.
1374 3527 1423 3594 111,
1440 3532 1497 3581 141.

236 3620 326 3686 thue
345 3618 421 3686 facis,
441 3634 537 3687 coges3
557 3621 624 3673 abiit
643 3635 798 3687 corpusque
818 3619 954 3685 colorque.
969 3619 1016 3686 XI,
1032 3621 1074 3671 27.
1090 3617 1209 3683 Fugerat
1229 3631 1274 3668 ore
1289 3615 1379 3668 color:
1399 3616 1499 3670 macies

236 3707 387 3761 adduxerat
401 3714 477 3760 artus
494 3738 523 3747 -
539 3708 648 3762 Metam.
663 3708 712 3773 III,
727 3710 786 3760 396.
807 3722 827 3759 s.
843 3708 995 3758 Attenuant
1012 3705 1110 3772 vigiles
1130 3719 1227 3769 corpus
1245 3703 1401 3757 miserabile
1417 3719 1499 3757 curae

236 3796 408 3863 Adducitque
432 3802 520 3850 cutem
545 3798 645 3851 macies
669 3803 695 3851 et
717 3798 746 3848 in
770 3811 835 3848 aera
857 3810 951 3847 succus
967 3795 1060 3848 Omnis
1080 3793 1194 3863 abili*
1212 3807 1228 3844 a
1248 3791 1387 3846 veneficiis
1402 3793 1499 3846 Horat.
1571 3803 1573 3815 ·

236 3885 323 3952 Epod.
339 3885 426 3953 XVII,
441 3889 483 3938 21.
498 3901 519 3938 s.
534 3885 616 3952 Fugit
631 3886 757 3939 iuventus
772 3890 800 3936 et
814 3883 984 3936 verecundus
1005 3882 1081 3934 color
1096 3880 1218 3946 Reliquit
1237 3895 1299 3934 ossa
1312 3881 1386 3948 pelle
1402 3881 1500 3934 amicta

236 3966 340 4042 lur'ida3
365 3975 430 4028 Tuis
450 3975 566 4041 capillus
589 3974 666 4028 albus
690 3980 731 4027 est
754 3972 899 4037 odoribus3
920 3987 988 4024 -a
1012 3987 1039 4023 re
1064 3985 1183 4022 venerea
1202 3969 1283 4036 Prop.
1302 3970 1338 4034 11,
1357 3973 1399 4037 22,
1420 3974 1461 4023 21.
1478 3986 1500 4024 s.

237 4064 290 4117 Sed
306 4064 354 4117 libi
370 4065 392 4118 si
407 4064 492 4117 exiles
506 4063 599 4116 videor
614 4070 741 4116 tenuatus
755 4062 784 4113 in
794 4069 877 4125 artua,
892 4060 1027 4113 Falleris:
1042 4058 1114 4111 haud
1130 4074 1249 4125 unquam
1265 4064 1306 4112 est
1321 4059 1395 4112 culta
1405 4058 1500 4113 labore

236 4154 339 4207 Venus.
354 4153 455 4207 Catuli.
469 4152 566 4207 LVIII.
583 4151 688 4205 Gellius
703 4158 744 4204 est
759 4150 854 4203 tenuis.
870 4149 990 4216 Quidni?
1005 4148 1047 4199 cui
1063 4153 1115 4200 tam
1132 4147 1202 4200 bona
1219 4153 1304 4200 mater
1319 4146 1438 4214 Tamque
1454 4164 1501 4200 va-

237 4241 299 4295 leus
312 4242 386 4295 vivat
399 4248 507 4308 tamque
522 4246 637 4293 venusta
651 4255 771 4292 soror-
783 4239 833 4306 Qui
848 4245 878 4291 ut
891 4237 961 4290 nihil
976 4237 1096 4304 attingat
1111 4236 1162 4289 nisi
1176 4235 1246 4302 quod
1259 4234 1300 4289 fas
1314 4242 1429 4302 tangere
1445 4251 1501 4288 non

239 4337 281 4385 est
296 4329 471 4398 Quantumris
486 4344 569 4396 quare
583 4328 619 4382 sit
633 4343 723 4380 macer
744 4326 878 4380 invenies.
897 4323 975 4379 Ovid.
991 4325 1052 4376 Am.
1067 4323 1087 4389 1,
1102 4328 1127 4391 6,
1142 4327 1165 4377 5.
1183 4323 1293 4390 Longus
1312 4339 1386 4376 amor
1401 4339 1501 4390 corpus

237 4421 309 4474 tales
324 4420 447 4472 tenuavit
460 4420 488 4471 in
503 4434 567 4472 usus
582 4419 708 4484 Aptaque
724 4415 855 4469 subducto
870 4429 983 4480 corpore
998 4414 1119 4466 membra
1133 4411 1218 4467 dedit.

293 4507 335 4576 **)
349 4509 403 4563 Cfr.
418 4510 518 4563 Lucan.
534 4507 629 4561 Phars.
645 4506 691 4573 Vl,
705 4507 765 4560 512.
780 4521 801 4560 s.
818 4536 848 4544 -
863 4509 938 4558 tenet
958 4518 1006 4556 ora
1020 4502 1150 4570 profanae
1160 4499 1325 4568 (Erichthus)
1338 4499 1433 4554 Foeda
1446 4500 1501 4554 situ
1551 4486 1554 4493 ’
