3166 5146
622 281 833 349 „33-

89 489 199 578 miles,
222 508 289 559 uno
309 463 377 558 dno
396 488 523 577 oppido
542 489 623 559 olim
642 487 777 578 longius
792 489 835 561 ab
852 487 947 560 Urbe
968 488 1145 578 distantia,
1165 490 1276 562 altero
1295 491 1364 563 dno

91 614 171 684 olim
191 614 387 702 potentiora
404 622 650 701 memorentur,
672 614 736 683 etsi
756 619 871 684 autem
891 613 1091 703 saepissime
1110 614 1245 703 singula
1263 615 1362 687 disti·

91 738 158 808 cha
174 758 291 808 rerum
312 743 348 807 et
368 739 616 808 sententiarum
637 737 859 808 similitudine
877 739 1113 828 continentur,
1143 738 1226 810 alibi
1246 744 1362 810 tamen

91 863 196 934 etiam
213 863 417 951 Propertius
437 862 648 933 contrariam
669 863 841 931 rationem
860 864 1032 952 sequitur,
1062 868 1103 933 ut
1127 864 1238 952 priori
1255 863 1362 933 hexa-

90 993 202 1057 metro
223 987 396 1075 posterior
416 993 649 1076 pentameter,
679 987 788 1074 priori
815 993 1033 1075 pentametro
1059 989 1233 1076 posterior
1253 988 1362 1058 hexa-

91 1118 202 1181 meter
220 1111 443 1200 respondeat3
464 1118 503 1182 ut
521 1112 548 1200 l,
574 1114 634 1201 13,
656 1115 716 1182 29.
739 1133 785 1182 ss.

196 1306 269 1377 Nec
286 1308 410 1377 mirum
432 1328 509 1378 cum
530 1307 576 1376 sit
594 1306 674 1376 love
694 1306 797 1395 digna
816 1314 851 1376 et
868 1307 1025 1394 proxima
1043 1305 1159 1377 Ledae

249 1432 298 1502 Et
316 1431 432 1503 Ledae
452 1453 470 1501 e
489 1438 593 1521 partu
612 1430 747 1520 gratior
765 1453 834 1501 una
851 1430 981 1517 tribuS,

195 1555 259 1626 llla
277 1557 323 1626 sit
340 1556 489 1626 Inachiis
508 1561 543 1625 et
561 1555 721 1625 blandior
740 1555 905 1643 heroinis,
1083 1543 1084 1547 ¹

249 1680 314 1751 llla
333 1680 405 1751 suis
426 1680 540 1750 verbis
560 1687 660 1769 cogat
678 1700 793 1750 amare
811 1680 939 1750 lovem.

90 1856 181 1926 Nam
204 1855 260 1926 hic
288 1875 424 1944 qnoque
443 1876 462 1924 e
481 1855 562 1926 Iove
591 1875 692 1925 orsus
720 1856 754 1924 in
782 1855 898 1925 Iovem
927 1854 1068 1944 desinit,
1096 1853 1220 1925 mediis
1248 1860 1360 1924 antem

92 1979 225 2050 duobus
253 1979 409 2049 versibus
437 2000 514 2049 curn
542 1978 693 2049 heroinis
715 1977 899 2068 Cynthium
928 1983 1116 2067 comparat.
1163 1978 1216 2048 Ac
1238 1976 1361 2048 similis

91 2123 150 2172 res
169 2108 224 2175 est
242 2102 346 2173 etiam
363 2104 396 2173 in
417 2103 444 2192 Ι,
467 2105 502 2192 8,
524 2107 571 2174 27
588 2142 640 2155 -
657 2106 722 2174 30:
1364 2100 1365 2103 ’

195 2296 262 2401 llic
281 2297 363 2368 erit:
384 2296 440 2367 hic
460 2297 574 2368 iurata
592 2305 719 2368 manet.
740 2299 959 2385 Rumpuntur
977 2298 1095 2387 iniqui.

248 2419 422 2491 Vicimus!
443 2419 602 2491 assiduas
621 2442 688 2490 non
709 2419 790 2490 tulit
808 2420 868 2489 illa
885 2439 1019 2508 preces.
1144 2400 1145 2405 ¹

195 2543 297 2614 Falsa
316 2544 395 2614 licet
413 2544 557 2633 cupidus
577 2543 729 2632 deponat
745 2542 874 2633 gandia
893 2543 995 2612 livor:

249 2668 392 2740 Destitit
411 2669 464 2740 ire
484 2689 588 2739 novas
610 2666 763 2758 Cynthia
781 2668 884 2757 longa
904 2667 987 2737 vias.

169 2846 218 2918 Ut
235 2847 327 2916 enim
358 2846 462 2917 medii
488 2844 557 2915 duo
585 2865 709 2915 versus
736 2845 903 2916 laetitiam
934 2843 1080 2914 dicentis
1117 2842 1359 2935 testificantur,

89 2971 140 3042 ita
171 2972 305 3059 primus
328 2978 363 3041 et
386 2970 527 3041 ultimus
555 2968 639 3056 quid
665 2967 795 3039 factum
823 2969 871 3039 sit
898 2973 1051 3037 narrant.
1089 2967 1156 3038 Sed
1182 2969 1360 3042 mittamus

89 3096 159 3165 iam
176 3095 269 3164 hunc
286 3094 413 3164 locum.
458 3089 631 3163 Maiorem
655 3093 766 3163 eidem
790 3092 933 3161 carmini
955 3091 1026 3162 vim
1050 3090 1169 3161 attulit
1186 3092 1360 3164 Heirnrei-

90 3219 191 3289 chius
219 3216 349 3308 (Symh.
377 3217 498 3305 philol.
527 3218 635 3288 Bonn.
657 3216 756 3287 Fasc.
778 3224 907 3305 poster.
927 3239 961 3307 p.
984 3218 1072 3285 667.
1092 3215 1167 3304 ss),
1196 3217 1255 3306 qui
1283 3238 1359 3288 cunr

88 3363 153 3433 pro
172 3361 272 3431 vage
292 3342 328 3411 in
347 3361 399 3411 vs.
421 3345 481 3412 71.
512 3362 554 3412 ex
578 3342 777 3413 coniectura
797 3340 994 3431 scripsisset
1011 3360 1139 3430 mage,
1160 3340 1205 3411 ab
1225 3341 1360 3431 eoipso

89 3487 195 3538 versu
214 3486 342 3539 novum
361 3466 483 3536 statuit
502 3485 638 3536 carmen
658 3466 826 3555 incipere,
856 3466 946 3554 quod
966 3486 1044 3536 cum
1063 3465 1242 3554 superiore
1261 3466 1361 3555 plane

91 3611 157 3661 non
177 3591 395 3677 cohaereret3
419 3609 523 3679 quam
541 3591 747 3661 sententiam
765 3589 990 3678 amplectitur
1009 3589 1113 3658 etiarn
1131 3587 1359 3661 Luettiohan-

92 3734 155 3783 nes
170 3693 263 3804 (pag.
285 3716 358 3803 23).
396 3714 449 3785 Ac
467 3714 620 3784 rationes
637 3715 695 3785 ille
714 3715 775 3785 has
793 3711 937 3801 profert.
976 3711 1130 3782 Primum
1157 3713 1362 3786 alucinantis

94 3857 171 3908 esse
199 3839 375 3925 superiora
398 3860 476 3909 cnm
499 3835 723 3908 inferioribus
747 3838 796 3908 ita
819 3838 1044 3926 coniungere,
1073 3841 1114 3906 nt
1136 3836 1357 3929 coniungant,

91 3982 169 4032 cum
197 3962 313 4033 dicant
339 3940 560 4051 Propertium
596 3962 758 4032 inchoato
785 3962 937 4052 poemati
961 3961 1003 4032 de
1022 3959 1217 4049 originibus
1233 3961 1358 4034 Rorna-

91 4086 145 4156 nis
173 4087 233 4156 sed
260 4086 393 4158 abiecto
423 4093 543 4176 postea
575 4087 744 4158 iocantem
776 4087 921 4157 alteram
957 4091 1090 4176 partem
1128 4084 1358 4176 subtexuisse3

89 4211 215 4283 deinde
235 4231 304 4282 uss.
329 4213 564 4283 135-146,
593 4230 661 4281 non
687 4210 874 4301 horoscopi
892 4230 970 4281 esse
989 4209 1051 4280 sed
1069 4208 1254 4299 Apollinis,
1284 4216 1359 4281 turn

61 4391 63 4397 ,
89 4335 176 4407 fata
195 4336 334 4407 dicere
353 4356 419 4406 non
439 4356 541 4424 posse
560 4335 628 4406 dici
646 4336 713 4406 nisi
733 4336 793 4424 qui
806 4336 1030 4423 vaticinetur3
1052 4333 1199 4424 deniqne
1218 4355 1360 4424 vagum

90 4460 315 4550 Propertium
334 4479 398 4529 non
418 4480 521 4549 posse
540 4461 590 4530 ita
608 4461 690 4549 dici,
721 4466 760 4530 ut
788 4481 873 4531 sana
900 4460 1074 4530 sententia
1097 4458 1232 4531 euadat.
1264 4458 1360 4547 Quae

88 4585 279 4656 contraite
297 4584 567 4675 disputabimus,
596 4590 636 4654 nt
663 4605 685 4655 a
712 4592 889 4674 postremo
918 4591 1121 4674 argumento
1140 4581 1357 4671 incipiamus.

1130 4703 1146 4754 3
