3166 5146
542 262 547 269 '
641 253 848 320 -61-

107 413 148 555 ut
175 457 214 530 C.
243 458 405 530 Valerius
434 460 581 531 Flaccus
609 461 740 550 Argon.
771 458 867 550 VIII,
892 465 960 532 ’20.
992 483 1035 532 ss.
1066 462 1107 532 de
1135 461 1375 553 Medea-quae

109 603 209 654 mane
227 583 271 653 ad
290 584 444 655 Iasonem
465 585 602 655 abitura
622 591 677 656 est
694 585 779 656 haec
791 585 904 657 dicit:

298 894 302 943 3
318 832 402 903 Inde
420 834 514 903 velut
531 840 623 903 torto
642 832 826 903 Furiarum
846 835 956 905 eiecta
974 833 1109 924 flagello

318 954 472 1046 Prosilit,
493 959 640 1064 attonito
659 958 768 1045 qualis
786 959 874 1048 pede
893 959 1028 1049 prosilit
1046 960 1105 1030 Ino

318 1081 358 1151 In
377 1080 486 1169 freta3
508 1092 558 1133 '-
1003 1086 1010 1101 ⁶

107 1350 169 1425 nec
190 1327 327 1401 difficile
346 1339 402 1401 est
420 1331 581 1402 similium
602 1332 754 1402 locorum
774 1352 903 1421 augere
922 1351 1114 1420 numerum,
1134 1331 1163 1400 si
1177 1351 1262 1418 opus
1278 1329 1374 1400 vide·

107 1460 214 1524 retur.
237 1454 482 1544 Superioribus
501 1464 615 1526 autem
636 1456 805 1546 versibus,
828 1460 889 1526 27.
906 1478 948 1543 s.‚
968 1460 1103 1525 tantum
1123 1454 1221 1525 abest
1238 1468 1277 1525 ut
1297 1475 1371 1545 que

105 1578 275 1666 particula
298 1579 436 1648 diversa
464 1600 520 1648 res
549 1579 593 1648 ad
620 1581 775 1650 diversas
803 1580 961 1669 addatur,
992 1582 1093 1650 utin
1123 1582 1239 1651 eadem
1269 1603 1373 1653 causa

104 1707 283 1790 pergatur.
320 1700 421 1772 Omni
450 1703 539 1772 enim
568 1702 625 1772 illo
653 1705 731 1774 loco
761 1701 914 1774 refertbr
943 1705 1024 1794 quid
1053 1705 1155 1775 solita
1184 1706 1230 1775 sit
1257 1704 1372 1776 facere

105 1825 252 1914 Tarpeia
272 1833 453 1915 postquam
469 1826 606 1897 Tatium
621 1850 698 1897 cum
714 1820 844 1898 Vestae
862 1849 985 1917 aquam
999 1838 1136 1917 peteret
1150 1838 1372 1918 conspectum

107 1948 289 2030 adamarit,
319 1957 551 2039 narraturque
579 1958 613 2021 et
639 1951 730 2022 fictis
758 1953 872 2022 causis
901 1973 1003 2042 saepe
1033 1974 1074 2023 ex
1098 1975 1177 2024 aree
1201 1955 1313 2024 estsse
1337 1963 1372 2027 et

106 2076 338 2165 Nympharum
363 2080 510 2177 gratiam
535 2077 693 2145 utillum
721 2084 901 2146 servarent
924 2082 1081 2165 captasse
1109 2079 1308 2149 muneribus
1336 2087 1373 2149 et

105 2199 240 2285 vesperi
260 2199 398 2267 domum
417 2199 563 2268 redisse.
586 2199 682 2287 Quae
703 2221 804 2288 quam
825 2209 899 2270 arte
918 2201 1009 2271 inter
1029 2223 1065 2271 se
1085 2203 1292 2272 cohaereant
1311 2225 1370 2274 nc-

103 2322 228 2391 minem
252 2330 364 2410 potest
387 2321 506 2393 fallere
531 2325 597 2392 nisi
620 2325 679 2411 qui
701 2326 850 2413 primum
874 2324 968 2392 illum
994 2325 1162 2412 Tarpeiae
1187 2327 1317 2394 exitum
1337 2329 1370 2395 in

104 2464 172 2533 quo
190 2447 337 2535 primum
359 2447 497 2516 Tatium
517 2448 697 2533 conspexit
724 2467 801 2514 cum
824 2447 1080 2534 posterioribus
1104 2457 1139 2516 et
1158 2446 1371 2537 frequentio-

102 2571 201 2642 ribus
225 2571 433 2642 discessibus
457 2569 653 2641 confundat.
677 2569 797 2657 Neque
821 2571 946 2641 attinet
968 2571 1051 2659 quid
1074 2571 1131 2641 illa
1155 2579 1224 2642 tarn
1250 2571 1308 2641 diu
1328 2571 1370 2641 ad

102 2695 216 2766 fontes
235 2695 360 2767 fecerit
380 2716 559 2782 quaerere.
589 2694 702 2766 Unum
723 2695 813 2763 enim
836 2695 1051 2784 appellatur:
1080 2696 1249 2787 Nymphis
1268 2695 1371 2768 flores

100 2819 275 2907 attulisse3
300 2819 447 2889 alterum
472 2820 536 2889 etsi
560 2840 625 2889 nou
649 2819 845 2907 appellatur
868 2820 979 2908 ipsum
1000 2829 1114 2892 tamen
1133 2842 1196 2909 per
1217 2828 1254 2892 'se
1273 2823 1372 2893 intel-

100 2943 242 3032 ligitur:
272 2943 363 3014 Tatii
389 2945 556 3031 adspectu
588 2963 664 3012 esse
690 2943 914 3031 delectatam,
944 2964 1043 3031 quem
1069 2965 1146 3014 cum
1169 2947 1280 3033 primo
1302 2968 1369 3016 non

101 3088 241 3138 exerce
261 3068 323 3138 sed
342 3089 383 3137 ex
407 3067 501 3137 fonte
525 3067 680 3152 vidisset,
706 3078 744 3134 ut
766 3085 890 3134 rursus
915 3071 1047 3153 spectet
1071 3068 1217 3138 eundem
1240 3068 1368 3140 fontem

27 3268 30 3273 ,
102 3193 238 3282 saepius
266 3193 406 3280 repetit.
435 3190 523 3261 Item
553 3190 645 3279 apud
675 3189 836 3262 Ovidium
864 3188 949 3258 Met.
981 3188 1079 3260 VIII.
1109 3191 1155 3259 in.
1186 3189 1300 3280 Scylla
1327 3212 1369 3263 ex

101 3318 191 3386 turri
219 3316 366 3406 quadam
391 3314 544 3384 Minoem
574 3315 661 3385 solet
688 3313 872 3400 admirari3
902 3314 987 3384 item
1014 3315 1105 3404 apud
1130 3313 1167 3385 O.
1190 3315 1368 3386 Valerium

101 3441 265 3512 Flaccum
292 3439 617 3530 vuaratttone
644 3440 750 3509 muris
777 3438 932 3508 residens
960 3441 1126 3529 paternis,
1157 3440 1238 3510 dum
1266 3440 1369 3511 datur
1501 3424 1504 3430 ⁵

101 3567 207 3658 (602)
225 3564 350 3635 Iasona
369 3563 479 3634 oculis
497 3563 731 3652 prosequitur.
757 3559 830 3648 Quo
856 3561 995 3631 consilio
1020 3563 1048 3631 si
1073 3563 1131 3632 illa
1154 3563 1271 3634 abibat
1289 3584 1368 3634 cum

102 3699 138 3760 et
165 3710 246 3760 suos
275 3697 311 3759 ct
337 3689 456 3758 hostes
485 3687 629 3757 deberet
655 3686 775 3757 fallere
805 3708 847 3755 ne
876 3685 1235 3774 animadverteretur,
1269 3687 1367 3757 rubis

102 3822 199 3886 secta
216 3815 360 3884 brachia
377 3814 537 3902 retuIIsse
557 3811 695 3881 domum
713 3832 781 3881 non
801 3818 893 3881 esset
908 3811 1044 3899 mirum,
1061 3809 1195 3878 etiamsi
1212 3829 1277 3878 non
1291 3810 1369 3897 ipsa

102 3961 152 4010 vs.
180 3943 241 4010 43.
267 3939 398 4028 spinosi
425 3938 542 4008 rorida
565 3944 666 4024 terga
689 3936 760 4024 iugi
783 3945 1001 4005 memoraret.
1033 3931 1200 4022 Querelae
1224 3953 1305 4002 vero
1329 3941 1370 4004 ut

101 4064 362 4136 effunderentur
389 4062 458 4131 alia
484 4068 624 4150 praeter
652 4079 803 4129 amorem
831 4079 936 4129 causa
962 4060 1020 4129 hic
1048 4078 1114 4128 non
1143 4057 1252 4146 magis
1281 4078 1367 4146 opus

102 4195 179 4260 erat
202 4208 303 4276 quam
327 4189 361 4256 in
390 4185 559 4256 similibus
582 4183 734 4275 querelis
754 4181 887 4274 Scyllae
911 4192 972 4253 aut
990 4183 1149 4270 Medeae,
1177 4190 1256 4252 ante
1281 4201 1366 4269 quas
1480 4238 1483 4243 .

102 4312 230 4383 nemini
249 4333 312 4381 nec
332 4311 426 4380 venit
445 4312 480 4379 in
498 4316 646 4380 mentem
668 4328 731 4378 nec
750 4308 877 4398 veniet,
897 4308 1029 4397 opinor,
1045 4306 1131 4377 alios
1150 4327 1270 4377 versus
1291 4325 1365 4376 esse

120 4457 255 4508 mrssos.

99 4458 118 4509 ⁰
180 4560 220 4630 In
248 4560 364 4631 eadem
394 4559 504 4650 elegia
532 4557 703 4629 Luciauus
731 4557 921 4628 Muellerus
949 4554 1078 4648 (Praei.
1108 4577 1185 4644 pag.
1211 4551 1352 4642 XLIII.)
