3166 5146
695 192 902 269 -104-'-

162 413 253 484 infra
280 414 417 483 demum
445 434 465 482 a
488 433 589 483 versu
615 415 674 482 89.
706 411 748 481 de
776 417 900 481 natura
924 418 958 481 et
987 411 1122 482 nomine
1152 412 1226 481 eius
1253 409 1428 499 disputare

162 537 294 628 incipit,
314 538 465 625 itemque
485 536 529 626 V,
554 539 639 607 183.
661 535 763 606 Flora
781 536 967 625 implorata
991 578 1036 589 -

320 749 438 820 Mater
455 750 537 820 ades
555 748 692 838 florum,
711 749 802 819 ludis
822 749 996 819 celebrata
1015 748 1139 819 iocosis

219 872 401 962 191.1psa
420 874 503 944 doce
524 894 610 962 quae
630 874 693 943 sis:
714 872 891 944 hominum
910 873 1082 943 sententia
1100 870 1205 942 fallax
1226 910 1274 923 -

164 1085 207 1155 ad
227 1105 366 1156 causam
386 1086 460 1154 eius
479 1086 626 1156 nominis
647 1085 882 1175 explicandam
902 1087 1028 1156 transit
1046 1107 1149 1157 versu
1174 1088 1262 1154 195:

307 1279 444 1351 Chloris
464 1301 571 1369 eram,
592 1301 679 1369 quae
699 1281 805 1350 Flora
823 1301 936 1351 vocor.
960 1279 1135 1369 Corrupta
1156 1280 1278 1350 Latino

359 1404 516 1475 Nominis
537 1411 589 1475 est
607 1405 715 1475 nostri
733 1405 836 1476 litera
856 1402 991 1475 Graeca
1009 1425 1104 1475 sono.

163 1615 263 1704 Quod
288 1622 403 1686 autem
427 1615 541 1687 Sancti
570 1617 832 1706 appellationem
858 1623 963 1706 negat
987 1616 1053 1687 nisi
1075 1617 1111 1685 in
1140 1622 1295 1687 extrema
1318 1618 1426 1706 elegia

160 1737 273 1810 locum
300 1739 438 1829 habere,
468 1741 504 1810 id
534 1740 672 1828 quidem
700 1741 778 1811 ideo
805 1763 882 1811 cum
909 1742 983 1810 veri
1013 1741 1161 1829 quadam
1190 1741 1302 1829 specie
1331 1742 1425 1830 dicit,

160 1864 350 1952 quodcum
374 1865 461 1935 alios
485 1871 558 1934 turn
583 1864 786 1935 Homericos
810 1867 868 1953 qui
893 1871 1060 1936 vocantur
1083 1865 1228 1954 hymnos
1256 1865 1426 1936 similibus

160 1988 304 2058 deorum
325 1989 384 2077 qui
409 1988 628 2058 celebrantur
646 1989 807 2077 precibus
831 1996 969 2059 constat
992 1989 1185 2059 terminari:
1212 1988 1272 2059 sed
1295 1990 1426 2060 valeret

159 2111 218 2180 illa
237 2106 492 2200 argumentatio
513 2113 541 2181 si
561 2132 618 2181 eas
640 2133 759 2200 preces
784 2119 989 2201 sequeretur
1013 2113 1123 2199 aliud;
1147 2133 1235 2182 nunc
1259 2133 1347 2201 quae
1371 2133 1425 2183 se·

160 2236 278 2320 quitur
305 2235 451 2305 nominis
474 2235 660 2324 explicatio
683 2241 755 2305 tarn
777 2239 920 2325 propria
944 2245 996 2306 est
1019 2236 1211 2306 huiusmodi
1235 2237 1424 2306 carminum

157 2359 448 2449 conclusionibus
478 2367 516 2430 ut
544 2359 651 2450 magis
678 2360 708 2429 si
735 2360 816 2431 alibi
844 2367 935 2432 esset
963 2361 997 2430 in
1025 2360 1153 2432 exitum
1183 2357 1425 2430 transferenda

154 2504 258 2573 quam
277 2482 483 2555 removenda
503 2483 582 2554 inde
604 2484 776 2556 videatur.
805 2485 892 2555 item
913 2486 1002 2555 enim
1022 2490 1056 2554 et
1074 2482 1267 2573 proximum
1286 2502 1424 2553 carmen

157 2607 394 2679 concluditur:

156 2818 218 2908 IV,
243 2820 381 2908 10,.45.
402 2816 501 2886 Nunc
522 2817 631 2906 spolia
650 2817 684 2886 in
704 2818 830 2907 templo
850 2817 918 2887 trio
939 2817 1092 2886 condita:
1115 2839 1219 2888 oarrsa
1238 2817 1386 2908 Feretri,

368 2940 488 3013 Omine
509 2942 599 3031 quod
619 2948 712 3013 certo
732 2940 801 3012 dux
819 2940 902 3011 ferit
920 2961 1002 3011 ense
1022 2941 1159 3028 ducem;

313 3064 380 3137 Seu
400 3067 480 3155 quia
498 3066 592 3137 victa
612 3067 683 3137 suis
702 3067 856 3136 humeris
875 3067 959 3136 haec
979 3086 1076 3136 arma
1094 3063 1263 3156 ferebant,

367 3190 458 3261 Hinc
477 3191 616 3261 Feretri
635 3191 728 3261 dicta
746 3195 799 3261 111
817 3212 878 3260 ara
898 3191 1049 3279 superba
1066 3190 1172 3260 Iovia.
1193 3232 1245 3242 -
1370 3172 1373 3176 “

155 3390 191 3454 11
204 3381 266 3471 IV,
285 3387 319 3453 4.
334 3384 429 3451 —A
449 3382 535 3452 duce
555 3383 703 3472 Tarpeio
722 3403 819 3452 mons
839 3389 892 3453 est
911 3404 1099 3473 cognomen
1118 3385 1278 3472 adeptus:

367 3503 396 3576 Ο
415 3506 508 3596 vigil,
528 3508 678 3578 iniustae
698 3508 852 3597 praemia
871 3510 974 3579 sortis
992 3508 1109 3580 habes.

233 3718 274 3788 111
297 3719 450 3790 decima
478 3721 590 3808 elegia
617 3721 889 3791 Luettiohannes
912 3722 1070 3792 lacunam
1094 3739 1170 3788 1111
1195 3720 1318 3790 statuit
1340 3727 1422 3791 ante

154 3865 202 3915 vs.
225 3848 291 3915 43:

311 4038 366 4108 Illi
385 4038 530 4126 virgatis
549 4038 733 4108 iaculantis
754 4038 795 4107 ab
816 4039 950 4128 agmine
968 4037 1103 4107 braccis
1115 4037 1147 4125 *1

363 4162 510 4251 Torquis
530 4163 573 4232 ab
592 4162 700 4233 incisa
719 4160 847 4234 decidit
866 4182 955 4232 unca
972 4160 1063 4251 gula.
1086 4203 1136 4214 —

232 4419 258 4491 *l
271 4420 413 4489 Exscripsi
427 4422 500 4476 hunc
514 4437 623 4478 versum
637 4423 684 4491 ita,
703 4427 734 4476 ut
754 4423 839 4478 estin
853 4421 970 4476 editione
989 4420 1173 4488 Hertzbergii,
1192 4419 1244 4474 1111
1258 4424 1416 4490 corruptum

151 4525 212 4566 1111
227 4508 331 4579 aliquid
346 4515 374 4564 et
387 4510 432 4565 hic
445 4512 482 4580 lin
493 4510 693 4566 commentariis
707 4510 777 4566 adh.
788 4512 818 4582 l.)
832 4510 987 4579 suspicatur
1001 4517 1028 4566 et
1042 4525 1145 4577 omnes,
1160 4507 1232 4576 quod
1247 4509 1340 4579 sciam,
1355 4525 1418 4564 con·
