3166 5146
796 246 1004 340 „934

442 482 525 554 Tela
544 503 665 573 precor
684 483 783 572 pueri
803 482 928 551 sumite
947 485 1049 550 acuta
1067 480 1187 569 magia.

390 606 502 697 Figite
523 612 696 678 certantes
717 610 819 693 atque
838 606 926 675 hanc
945 605 1029 675 mihi
1053 605 1175 675 solvite
1195 604 1317 675 vitam:

444 732 590 820 Sanguis
609 731 677 802 erit
696 731 792 800 vobis
811 731 958 801 maxima
977 731 1089 818 palma
1109 751 1216 800 meua.
1240 771 1288 780 -

268 914 303 978 et
312 909 356 995 ΙΙ,
369 912 414 978 17
419 913 497 996 ,15,
510 929 537 977 s.
555 908 654 978 Nune
673 908 789 978 iacere
809 929 827 978 e
847 908 934 978 duro
954 927 1077 995 corpus
1096 907 1190 986 lieet,
1212 907 1329 995 impia,
1351 929 1445 1005 staro,

443 1031 586 1103 Sumere
607 1033 694 1103 etin
713 1038 851 1103 nostras
870 1032 953 1101 trita
972 1051 1101 1100 venena
1119 1051 1249 1100 manue.
1270 1071 1322 1083 -

266 1225 388 1296 Restat
405 1227 493 1296 illud
511 1250 598 1298 narn
622 1229 712 1317 quod
736 1235 789 1299 est
812 1229 848 1295 in
871 1248 974 1296 versu
996 1230 1054 1296 55.
1087 1224 1184 1311 Quod
1209 1227 1266 1314 qui
1291 1226 1529 1314 accipiendum

266 1351 312 1420 sit
330 1350 458 1421 invitus
477 1360 647 1422 monstrat
665 1353 738 1440 ipse
752 1351 1034 1437 LnettiohanneS‚
1052 1371 1129 1419 cum
1143 1350 1272 1438 meane,
1296 1351 1352 1418 An
1368 1349 1527 1440 Cynthia,

263 1452 386 1563 inquit,
407 1477 548 1564 exponit
568 1497 628 1544 cur
645 1476 877 1564 tergeminum
897 1495 1014 1544 canem
1035 1495 1084 1543 vs.
1104 1478 1162 1544 52.
1191 1475 1530 1545 commemoraverit?

267 1599 405 1669 -Non
425 1598 553 1687 quoad
573 1620 691 1669 canem
710 1600 925 1687 potissimum
940 1600 1007 1668 vim
1024 1599 1098 1669 eius
1112 1598 1304 1688 particulae
1324 1596 1527 1686 referamus;

264 1723 325 1793 sed
343 1729 458 1793 tamen
476 1724 562 1795 illud
582 1729 677 1794 reete
697 1725 918 1795 admonemur
937 1723 1107 1794 rationem
1127 1723 1228 1794 reddi
1248 1744 1310 1794 cur
1329 1724 1423 1795 iuret
1440 1723 1529 1814 (lyn-

263 1847 348 1918 thia.
376 1848 487 1938 Iurat,
510 1849 575 1918 etsi
599 1854 653 1919 est
672 1848 882 1936 mortua'et
905 1849 935 1918 si
958 1846 1053 1918 fallat
1078 1849 1248 1918 tumulum
1271 1869 1368 1917 suum
1394 1854 1429 1918 et
1453 1869 1530 1919 ossa

263 1970 420 2062 devovet,
432 1978 471 2043 ut
486 1973 545 2060 qui
559 1973 678 2042 vivunt
693 1978 796 2061 caput
811 1993 909 2042 suum
925 1971 1094 2043 devovere
1110 1973 1231 2059 solent,
1249 1973 1338 2061 quod
1353 1978 1389 2043 et
1405 1972 1530 2061 duplex

265 2095 363 2165 sedes
383 2101 418 2165 et
437 2117 513 2165 sors
533 2102 586 2165 est
604 2103 817 2166 mortuorum
838 2102 873 2166 et
891 2097 968 2184 ipsa
981 2098 1017 2165 in
1033 2098 1202 2167 bonarum
1215 2096 1431 2186 fidarumque
1448 2097 1529 2167 sede

263 2219 445 2289 mulierum
465 2225 644 2307 versatur;
666 2240 812 2309 quorum
832 2241 935 2290 uuum
957 2225 1077 2309 aperte
1102 2220 1266 2309 declarat,
1286 2220 1434 2290 alterum
1456 2226 1529 2290 tec·

264 2343 333 2413 tius
353 2342 523 2432 significat
541 2365 609 2414 vss.
633 2348 693 2415 69.
715 2365 742 2414 e.

387 2536 445 2610 Sic
464 2539 585 2609 mortis
603 2539 755 2610 lacrimis
774 2540 865 2610 vitae
885 2559 1045 2609 sanamus
1065 2558 1216 2608 amores:

441 2661 522 2731 Celo
541 2682 604 2751 ego
624 2662 789 2751 perfidiae
807 2663 952 2732 erimina
970 2662 1078 2731 multa
1096 2667 1177 2730 tuae
1191 2700 1236 2712 -

265 2855 389 2944 quibus
410 2823 524 2927 verbis
550 2878 586 2927 se
612 2876 747 2945 quoque
770 2854 931 2925 maritis
952 2855 1036 2923 sine
1059 2851 1203 2922 fraude
1229 2859 1266 2923 ut
1290 2852 1338 2921 ait
1362 2870 1523 2922 annume·
1577 2838 1579 2842 ¹

263 2984 329 3052 rat.
350 2980 471 3070 Neque
490 2983 580 3051 enim
600 2981 629 3051 si
648 2985 863 3051 mortuorum
882 2979 1000 3049 eadem
1025 2976 1173 3047 omnium
1199 2996 1272 3046 sors
1296 2982 1391 3048 esset
1414 2996 1476 3045 nec
1498 2975 1526 3045 si

262 3105 340 3193 ipsa
359 3110 450 3175 esset
473 3106 538 3176 iam
564 3105 702 3191 misera,
728 3125 788 3193 per
813 3125 910 3174 suam
934 3102 1078 3173 salutem
1101 3107 1221 3189 posset
1244 3102 1374 3170 iurare.
1414 3099 1526 3169 Facile

263 3234 377 3299 autem
396 3228 601 3316 intelligitur
621 3230 750 3297 ossium
769 3249 809 3298 ac
827 3227 984 3296 Manium
1003 3230 1038 3295 et
1056 3225 1207 3312 quietem
1227 3225 1368 3295 eandem
1389 3230 1424 3294 et
1448 3243 1526 3313 sup-

262 3353 366 3440 plicia
393 3351 597 3422 existimari.
637 3349 804 3419 Similiter
831 3349 965 3439 Iupiter
995 3348 1135 3419 Thetidi
1159 3348 1251 3439 apud
1274 3349 1463 3421 Homerum
1486 3350 1526 3420 Il.

262 3475 292 3567 Ι,
314 3478 400 3546 524.
421 3495 465 3547 sc.
486 3476 599 3565 aperit
622 3495 685 3546 cur
703 3475 753 3545 ita
771 3473 920 3545 affirmet
939 3478 978 3544 ut
997 3471 1162 3545 affirmat:

385 3667 415 3738 εἰ
434 3659 473 3760 δ’,
494 3662 625 3761 ἄγετον
644 3663 779 3762 κεφαλῇ
799 3663 1064 3760 κατανεύσομαι,
1085 3661 1174 3760 ὄφρα
1192 3664 1372 3759 cenotap-

383 3797 481 3864 τούτο
500 3786 566 3886 γὰρ
585 3792 621 3877 ἐξ
639 3793 758 3884 &peteo
776 3817 816 3885 γε
837 3789 905 3883 μετ’
927 3784 1128 3862 οὶὲνανοὶτοισι
1148 3789 1303 3881 μέγιστον

384 3920 526 4012 τέκμαρ·
547 3911 583 3986 ού
603 3912 670 4009 γὰρ
688 3914 761 4008 ἐμοὶ
779 3905 1031 4011 παλινάγρετον,
1055 3899 1119 3984 ούδ’
1140 3905 1328 4004 ἀπατηλόν,

385 4035 451 4112 οὐδ’
471 4031 703 4131 ἀτελεύτητον,
725 4034 753 4129 ὅ,
772 4066 805 4111 τι
823 4066 880 4111 κεν
898 4036 1033 4135 κεφαλῇ
1052 4030 1265 4110 κατανεύσω.

264 4237 303 4308 In
322 4237 432 4328 elegia
450 4242 593 4309 octava
611 4202 883 4309 Luettiolrannes
902 4257 968 4306 uss.
995 4238 1052 4304 19.
1075 4255 1102 4304 s.

384 4432 512 4525 Turpis
531 4435 567 4505 in
585 4456 710 4507 arcana
728 4434 845 4505 sonuit
864 4452 951 4504 cum
971 4432 1045 4501 rixa
1064 4431 1209 4502 taberna

437 4558 563 4631 Sicine
582 4580 648 4650 me,
667 4557 777 4630 famae
795 4577 862 4628 non
881 4556 955 4626 sine
973 4554 1051 4627 labe
1070 4574 1166 4626 meae
1186 4593 1237 4606 —
