3166 5146
604 245 813 313 ..47-

74 467 136 530 ant
155 458 220 547 Ill,
242 461 278 546 3,
298 462 361 529 41.
378 479 423 527 ss.
445 456 501 528 Nil
519 456 585 528 tibi
605 459 650 528 sit
669 477 775 528 rauco
793 457 978 547 praeconia
995 456 1138 527 classica
1157 476 1265 527 cornu

287 580 390 652 Flore
411 602 473 654 nec
492 583 640 654 Aonium
660 583 799 670 cingere
819 582 933 652 Marte
953 601 1084 671 nemun,

235 708 307 778 Aut
326 706 451 795 quibus
470 707 503 775 in
524 707 655 794 campis
669 705 828 776 Mariano
848 705 979 795 proelia
998 688 1095 795 siguo

288 831 387 901 Stent
406 839 443 900 et
459 830 663 900 Teutonicas
678 830 788 900 Roma
806 829 975 920 refringat
994 851 1092 921 opes:

236 954 412 1025 Barbarus
431 963 491 1024 aut
499 952 610 1024 Suevo
630 953 792 1041 perfusus
811 955 977 1043 sanguine
989 955 1130 1026 Rhenus

289 1075 412 1149 Saucia
431 1079 601 1149 moerenti
621 1097 765 1167 corpora
784 1086 903 1149 vectet
921 1100 1022 1169 aqua.

78 1293 145 1381 Qui
164 1292 302 1381 quidem
321 1293 419 1363 locus
435 1293 467 1362 ei
487 1291 528 1361 de
549 1312 617 1381 quo
640 1292 811 1381 loquimur
833 1292 898 1362 hoc
921 1299 976 1361 est
999 1291 1143 1362 similior
1167 1292 1259 1382 quod
1278 1313 1338 1361 ue·

78 1438 145 1506 que
163 1417 206 1488 ab
226 1418 301 1506 ipso
320 1417 497 1506 pretium
515 1414 653 1487 iecere
673 1437 784 1507 neque
802 1416 846 1487 ab
865 1418 939 1505 ipso
966 1415 1071 1487 flare
1090 1415 1144 1487 vel
1163 1417 1342 1505 cingere,

78 1542 140 1613 sed
159 1542 201 1612 ab
223 1563 263 1612 eo
283 1543 389 1612 verbo
409 1540 618 1627 declarandi,
644 1540 734 1629 quod
755 1541 843 1611 latet
864 1542 898 1611 in
922 1541 976 1611 lais
998 1540 1123 1628 verbis,
1148 1541 1340 1631 interroga-

78 1671 127 1739 tio
147 1678 229 1758 apta
255 1673 320 1737 est.
349 1665 398 1736 Ut
426 1666 515 1735 enim
544 1671 667 1751 poetae
698 1663 783 1735 flant
809 1666 993 1756 praeconia
1020 1673 1056 1736 et
1075 1665 1190 1736 Marte
1219 1686 1340 1737 nemus

79 1794 228 1863 Aonium
243 1791 384 1876 cingunt
403 1788 554 1858 cauendo
574 1796 609 1857 et
629 1788 823 1876 scribendo,
837 1788 888 1857 ita
906 1788 1068 1878 astrologi
1081 1788 1177 1860 Deos
1191 1790 1342 1877 pretium
1408 1769 1412 1780 ⁸

78 1916 194 1986 fecere
221 1912 431 2003 proferendo
464 1919 499 1982 et
526 1912 737 2001 explicando.
767 1911 911 1998 Contra,
942 1911 972 1982 si
999 1912 1084 1982 haec
1112 1913 1343 2002 interrogatio

83 2040 209 2129 quique
224 2035 444 2108 'antecedunt
475 2036 663 2105 accusativi
699 2056 742 2105 ex
769 2035 899 2105 dicam
935 2041 1017 2123 apta
1052 2034 1240 2126 faciemus,
1277 2058 1344 2108 non

82 2162 191 2234 solum
231 2181 354 2250 parurn
388 2160 553 2230 concinne
586 2159 629 2230 ab
663 2160 783 2230 eodem
819 2159 925 2230 verbo
961 2166 998 2230 et
1028 2159 1164 2231 obiecta
1195 2168 1231 2233 et
1256 2161 1343 2232 obli-

81 2292 211 2375 quaet
240 2285 374 2356 directa
398 2284 509 2354 oratio
541 2284 726 2372 pendebit,
760 2304 879 2354 verum
907 2285 1011 2353 etiam
1038 2285 1074 2354 id
1102 2285 1195 2355 dicet
1221 2285 1345 2356 horos·

80 2431 198 2500 copuS,
228 2409 317 2499 quod
341 2428 451 2496 neque
481 2408 608 2477 attinet
635 2407 701 2476 hoc
730 2406 805 2476 loco
828 2406 944 2476 dicere
969 2414 1005 2477 et
1026 2406 1120 2476 idem
1144 2405 1230 2477 dicit
1253 2407 1344 2478 infra

79 2556 148 2605 vsa.
181 2536 264 2604 103.
286 2552 333 2601 ss.

238 2727 315 2799 Hoc
333 2746 444 2815 neque
463 2745 642 2796 arenosum
664 2723 797 2814 Libyae
816 2723 909 2796 Iovis
928 2725 1078 2814 explicat
1096 2732 1247 2815 antrum,

290 2854 363 2923 Aut
381 2850 448 2921 sibi
468 2851 668 2920 commissos
686 2847 774 2920 fibra
792 2849 908 2920 locuta
925 2849 1019 2919 Deos
1030 2886 1079 2901 -

151 2979 236 3047 107.
256 2974 469 3065 Aspicienda
487 2975 543 3043 via
561 2981 615 3043 est
630 2972 718 3043 coeli
738 2992 926 3060 versusque
945 2992 1009 3060 per
1026 2981 1121 3043 astra

292 3098 446 3185 TrameS,
467 3102 504 3165 et
521 3095 564 3167 ab
584 3096 680 3165 zonis
699 3094 851 3183 quinque
869 3095 1018 3184 petenda
1035 3094 1132 3167 fides.
1156 3137 1201 3148 —

84 3312 134 3384 Ut
152 3310 243 3380 enim
260 3308 436 3378 mittamus
455 3308 546 3397 quod
565 3308 839 3378 Luettiohannes
857 3305 1002 3400 profert,
1032 3308 1151 3380 stellas
1170 3309 1345 3382 dicturum

85 3436 145 3527 qui
162 3433 385 3523 astrologiam
407 3433 565 3522 explicet,
585 3453 653 3503 non
674 3433 732 3521 qui
760 3453 802 3502 ex
830 3433 1019 3521 astrologia
1038 3438 1153 3504 certas
1171 3454 1227 3504 res
1245 3454 1345 3522 prae-

84 3561 194 3633 dicat:
215 3564 251 3629 at
268 3558 360 3629 unde
383 3577 463 3628 suas
482 3564 618 3646 repetat
633 3556 894 3627 vaticinationes
909 3555 956 3626 ibi
973 3558 1152 3646 aptissime
1171 3557 1266 3648 dicit,
1286 3558 1347 3628 ubi

82 3685 156 3775 ipso
174 3702 301 3775 genere
324 3689 429 3772 atque
457 3681 587 3770 origine
614 3680 682 3750 arti
710 3700 793 3750 suae
821 3678 924 3751 fidem
951 3678 1047 3769 facit,
1076 3700 1143 3750 uon
1163 3679 1213 3750 ibi
1231 3681 1291 3752 ubi
1309 3680 1346 3752 id

83 3829 189 3880 unum
209 3807 291 3895 agit,
313 3813 353 3875 ut
371 3827 408 3876 se
429 3806 562 3896 quidem
582 3824 665 3875 vera
683 3803 811 3892 dicere,
835 3803 921 3875 alios
938 3802 1059 3876 fallere
1077 3810 1259 3874 asseveret.
1280 3805 1346 3874 At-

82 3953 150 4023 que
172 3931 249 4021 quis
268 3950 334 3999 non
353 3931 449 4000 videt
468 3950 570 4019 quam
598 3935 677 4016 apte
702 3929 752 3999 ita
778 3929 889 4000 oratio
912 3927 1100 4019 procedat?
1128 3927 1222 3998 Vera
1241 3949 1277 3998 se
1296 3930 1346 3999 ait

82 4055 275 4142 vaticinari,
297 4055 377 4140 quia
395 4053 437 4123 ab
461 4053 612 4142 antiquis
637 4052 795 4142 verisque
818 4053 955 4124 vatibus
979 4060 1015 4124 et
1038 4053 1206 4143 originem
1231 4059 1267 4123 et
1289 4073 1345 4123 ar-

82 4187 153 4250 tem
175 4177 324 4266 duxerit,
345 4198 423 4246 cum
442 4177 502 4247 alii
521 4176 683 4266 aequales
705 4177 924 4247 mentiantur.
951 4176 1046 4263 Quae
1068 4177 1160 4248 dicat
1178 4183 1213 4247 et
1231 4176 1344 4247 dictu-

83 4325 144 4374 rus
172 4305 237 4390 sit,
268 4323 308 4373 ea
336 4322 404 4371 non
431 4301 545 4371 minus
574 4321 649 4372 esse
677 4321 762 4370 vera
793 4321 894 4390 quam
927 4321 1015 4391 quae
1044 4301 1123 4373 olim
1149 4301 1192 4372 de
1220 4301 1346 4371 Troiae

83 4429 228 4498 interitu
247 4426 426 4516 praedicta
446 4425 517 4495 sint
535 4433 569 4494 et
589 4425 630 4495 de
648 4424 758 4495 omnis
775 4424 895 4495 muudi
913 4425 1057 4496 interitu
1075 4424 1248 4497 dicantur.
1269 4423 1347 4494 Hoc

83 4551 232 4640 intelligi
251 4572 294 4622 ex
312 4551 356 4620 iis
376 4568 463 4636 quae
482 4548 568 4620 alias
592 4551 661 4620 iam
680 4569 761 4621 vere
789 4549 1014 4639 praedixerim
1043 4551 1109 4623 hoe
1135 4548 1284 4637 intelligi
1302 4567 1346 4618 ex
