3166 5146
689 244 891 310 ,79-

164 459 233 524 tur.
254 452 365 523 Multo
384 474 465 522 vero
484 452 590 541 magis
610 452 754 523 Ovidius
773 453 807 521 in
827 452 942 522 Fastis
971 451 1070 521 initia
1096 452 1308 540 singulorum
1327 454 1417 524 loco·

163 599 254 664 rum,
274 548 404 665 quibis
424 585 504 646 sunt
521 577 638 664 elegiis
662 577 803 662 similes,
834 577 953 665 variat,
983 576 1051 645 etsi
1069 575 1125 646 hic
1144 597 1288 666 quoqne,
1310 588 1348 648 ut
1366 580 1417 648 rei

162 710 289 771 natura
305 701 456 788 librique
478 701 634 789 perpetui
658 701 742 769 ordo
765 700 845 788 fert,
868 700 1065 787 saepissime
1088 721 1107 769 a
1131 720 1168 769 re
1193 701 1268 788 ipsa
1291 709 1417 789 tempo

162 845 240 895 rum
260 825 429 895 adiunctis
453 825 644 894 rationibus
670 825 872 911 principium
896 824 1011 893 sumit.
1037 823 1123 894 Tum
1146 824 1233 893 enim
1259 845 1279 894 a
1303 827 1417 913 preci-

162 948 226 1018 bus
246 948 300 1018 dei
319 950 373 1018 vel
392 949 476 1018 deae
496 947 639 1017 alicuius
659 949 805 1032 orditur,
831 956 869 1016 ut
888 947 950 1036 HI,
977 951 1058 1017 167.
1080 948 1143 1037 VI,
1166 953 1256 1036 2493
1280 958 1352 1019 tum
1373 950 1415 1018 ab

162 1073 430 1161 interrogatione
449 1072 562 1160 aliqua
581 1081 616 1141 et
634 1071 784 1159 consilio,
805 1079 842 1140 ut
860 1071 905 1160 ll,
927 1075 1013 1140 425.
1035 1092 1062 1141 s.

294 1287 421 1376 Nupta,
442 1287 523 1376 quid
544 1285 744 1373 exspectas?
763 1306 829 1355 non
848 1293 886 1354 tu
904 1283 1111 1371 pollentibus
1128 1283 1245 1354 herbis

343 1411 415 1509 Nec
433 1430 536 1500 prece
555 1431 615 1479 nec
633 1410 765 1494 magico
786 1409 935 1479 carmine
954 1416 1066 1477 mater
1085 1407 1164 1477 eris.

291 1535 420 1625 Excipe
439 1534 603 1604 fecundae
622 1534 793 1621 patienter
812 1533 955 1602 verbera
975 1532 1134 1619 dextrae3
1156 1573 1206 1583 —

161 1755 232 1817 tum
254 1746 365 1816 aloco
384 1747 471 1836 eius,
492 1745 533 1816 de
553 1767 617 1834 qno
636 1757 841 1815 narraturus
859 1750 923 1831 est,
944 1743 1069 1832 sacelli,
1090 1751 1128 1813 ut
1146 1744 1174 1832 I,
1196 1748 1282 1816 637.

294 1955 444 2027 Candida
463 1958 505 2027 de
525 1960 623 2029 niveo
643 1960 758 2047 posuit
775 1958 832 2026 lux
851 1957 1008 2045 proxima
1026 1957 1153 2044 templo

346 2079 419 2168 Qua
437 2081 503 2152 fert
523 2083 687 2153 sublimes
705 2082 774 2152 alta
792 2082 932 2150 Moneta
949 2082 1097 2168 gradus:

264 2204 362 2274 Nunc
380 2205 468 2275 bene
487 2208 672 2294 prospicies
690 2205 838 2293 Latiam,
858 2204 1060 2294 Concordia,
1080 2206 1234 2292 turbam3
1254 2246 1306 2258 -

158 2440 244 2520 tum,
263 2440 302 2503 nt
321 2433 386 2504 alia
404 2434 513 2504 multa
531 2435 718 2522 mittamus,
739 2436 787 2503 ita
806 2434 847 2503 ad
868 2455 1002 2504 causam
1024 2434 1168 2519 accedit,
1189 2444 1228 2503 ut
1247 2435 1342 2521 prius
1361 2455 1416 2504 ex·

159 2559 402 2644 spectationem
422 2556 607 2644 legentium
626 2559 873 2646 gravitatisque
892 2559 942 2628 rei
962 2551 1152 2648 opinionem
1168 2564 1314 2629 moveat.
1327 2559 1412 2628 Nam

158 2681 209 2770 II,
238 2682 283 2751 in.
314 2682 507 2770 priusquam
543 2681 631 2752 unde
660 2681 872 2751 Februarius
910 2681 1034 2751 mensis
1062 2681 1173 2752 dictus
1201 2683 1247 2751 sit
1275 2684 1415 2770 exponit

159 2805 322 2875 maiorem
344 2807 461 2875 seiam
487 2807 664 2876 materiam
694 2827 795 2894 quam
819 2805 898 2875 olim
918 2805 1023 2892 elegis
1045 2805 1205 2894 amplecti
1229 2805 1412 2894 profitetur

156 2919 420 3018 Germanicique
444 2930 587 3018 gratiam
612 2937 739 3017 captat,
765 2937 801 2998 et
818 2928 864 3011 II,
889 2932 987 3014 119,
1012 2929 1068 2996 ubi
1094 2927 1252 2997 dicturus
1272 2936 1325 2999 est
1345 2951 1412 3018 quo

157 3051 214 3123 die
234 3053 411 3138 Augustus
430 3052 534 3122 Pater
562 3053 702 3122 Patriae
729 3053 776 3120 sit
798 3051 977 3137 salutatuS,
1006 3050 1182 3136 ingenium
1210 3072 1246 3120 se
1265 3053 1412 3122 deficere

157 3178 317 3266 queritur
334 3176 543 3263 Homerique
563 3176 718 3263 spiritum
740 3180 892 3264 exoptat,
912 3181 947 3244 et
965 3174 1009 3264 V,
1028 3176 1114 3243 545.
1128 3195 1202 3243 cum
1224 3175 1265 3243 de
1285 3178 1412 3264 templo

157 3300 282 3370 Martis
310 3299 442 3370 Ultoris
469 3298 562 3387 loqui
590 3300 740 3369 instituit
771 3299 884 3369 sidera
912 3284 1011 3388 quasi
1038 3299 1231 3368 reverentia
1258 3307 1352 3369 mota
1381 3302 1412 3371 ei

157 3424 225 3494 diei
244 3423 342 3512 fingit
360 3425 495 3510 cedere,
516 3443 581 3511 qno
601 3423 683 3493 illud
706 3424 749 3494 ab
770 3428 925 3515 Augusto
951 3424 1144 3494 dedicatum
1164 3426 1218 3495 sit.
1239 3424 1312 3495 Nec
1332 3447 1413 3496 casu

155 3547 230 3617 fieri
249 3548 397 3637 videtur,
417 3557 457 3619 ut
475 3549 509 3617 in
529 3548 582 3617 his
601 3548 711 3616 tribus
732 3549 895 3636 exemplis
913 3548 1000 3617 sicut
1013 3547 1069 3616 bio
1085 3548 1174 3635 apud
1189 3549 1411 3638 Propertium
1502 3624 1509 3631 ,

156 3672 198 3741 ad
210 3672 415 3743 Caesaream
436 3672 573 3742 domum
592 3691 648 3740 res
667 3671 890 3759 perducatur,
909 3670 1071 3742 videlicet
1090 3671 1169 3760 quia
1190 3693 1410 3761 quaecunque

156 3817 230 3867 eam
242 3783 421 3881 'attingant
441 3806 579 3883 praeter
598 3804 713 3866 cetera
731 3797 799 3866 sint
817 3795 999 3867 efferenda.
1024 3796 1113 3865 Nam
1135 3795 1170 3865 id
1190 3795 1302 3882 ipsum
1323 3795 1409 3866 Pro-

155 3921 286 4010 pertius
307 3917 412 3989 efficit
430 3921 618 3991 sacerdotis
636 3941 782 4008 persona
800 3927 971 4009 suscepta,
991 3925 1028 3989 ut
1047 3919 1214 3989 Horatius
1235 3918 1272 3988 C.
1289 3918 1351 4008 Ill,
1377 3925 1408 4009 l,

155 4045 199 4114 in.
221 4065 298 4115 cnm
319 4042 506 4114 sacerdotis
523 4053 641 4134 partes
660 4045 731 4133 agit
750 4046 900 4114 carmina
927 4065 993 4114 non
1016 4045 1111 4133 prius
1135 4042 1253 4114 audita
1272 4063 1308 4112 se
1328 4065 1409 4114 can-

154 4174 307 4240 taturum
326 4180 446 4255 aperte
466 4168 627 4240 declarat.
648 4169 766 4273 Neque
786 4168 898 4256 aliter,
929 4170 1018 4240 utin
1037 4168 1152 4239 Fastis
1171 4167 1408 4256 subsistamus,

154 4314 212 4363 res
233 4293 390 4363 sehabet
409 4292 443 4361 in
464 4291 637 4363 clausulis.
667 4293 743 4363 Etsi
773 4294 861 4363 enim
879 4294 1004 4383 singuli
1028 4293 1093 4377 loci
1113 4293 1252 4382 saepius
1270 4313 1410 4363 renova-

153 4418 244 4487 tione
269 4417 319 4485 rei
343 4417 514 4504 expositae
539 4417 765 4487 terminantur
789 4422 859 4506 aut,
884 4417 976 4488 nulla
1000 4417 1165 4506 singulari
1191 4417 1309 4488 addita
1333 4437 1411 4486 con-

153 4541 316 4628 clusione,
336 4540 411 4627 ipsa
430 4540 640 4628 expositione
659 4539 878 4631 deliniuntur,
894 4563 960 4612 non
975 4562 1054 4611 raro
1073 4550 1188 4612 tamen
1209 4542 1273 4612 hoc
1293 4540 1405 4627 ipsum
