3166 5146
654 264 657 269 -
763 221 971 288 -ro-
1065 209 1069 215 ’

140 466 144 475 ·
238 428 423 513 habemus,
453 429 510 514 qni
539 430 684 517 primum
713 430 837 500 librum
867 428 1029 519 eligendis
1058 437 1098 499 et
1121 426 1316 516 capiendis,
1345 425 1493 498 alterum
1564 525 1565 528 Ἴ

221 553 391 621 'tenendis
409 552 532 640 puellis
551 555 683 624 tribuit.
705 552 770 641 Qui
790 555 874 624 ordo
893 574 954 624 cur
973 555 1027 623 hic
1046 559 1199 623 mutetur
1213 550 1312 622 facile
1327 550 1492 638 intelligi·

236 660 304 771 tur.
336 673 382 746 Ut
409 677 497 744 enim
528 692 637 747 artem
667 679 870 765 exponentis
899 687 951 746 est
982 676 1025 746 ab
1054 697 1094 747 eo
1123 677 1213 764 quod
1242 677 1387 763 primum
1416 672 1493 743 lieri

231 800 373 885 'oportet
395 800 561 888 incipere,
590 801 640 870 ita
662 803 693 870 ei
717 802 849 888 puellae
878 823 965 891 quae
989 802 1055 872 iam
1086 803 1195 870 utitur
1218 808 1371 870 amatore
1395 805 1491 868 recte
1565 863 1568 868 ,

235 922 331 1009 prius
358 924 569 1010 praecipitur
597 925 766 1013 quomodo
796 934 949 996 amatore
980 931 1140 995 utendum
1170 925 1227 1014 sit,
1257 925 1377 994 deinde
1407 944 1492 1012 quos

201 1049 215 1086 ⁴
235 1066 338 1115 novos
358 1055 528 1116 amatores
547 1049 623 1137 capi
643 1056 810 1137 oporteat.
833 1048 965 1118 Versus
986 1053 1045 1119 55.
1067 1055 1102 1118 et
1123 1051 1191 1118 56:

444 1238 531 1327 Quid
551 1242 646 1312 iuvat
666 1251 786 1312 ornato
807 1243 1006 1331 procedere,
1025 1243 1108 1328 vita,
1127 1242 1248 1329 capillo

496 1365 542 1435 Et
561 1373 681 1436 tenues
701 1364 773 1437 Ooa
791 1383 885 1437 veste
905 1387 1042 1436 movere
1061 1366 1154 1436 sinus
1169 1404 1212 1415 -

234 1556 292 1643 qui
312 1578 351 1626 ex
371 1558 470 1628 initio
492 1558 518 1641 l,
541 1563 573 1628 2.
595 1560 732 1648 repetiti
758 1568 848 1648 sunt,
874 1569 913 1631 ut
935 1561 1204 1648 aLachmanno,
1230 1562 1278 1631 ita
1296 1560 1491 1644 aLuettio·

233 1683 344 1752 hanne
364 1687 582 1772 omittuntur,
604 1707 734 1757 summo
752 1687 841 1777 iure,
868 1697 905 1757 ut
922 1687 1019 1758 nohis
1039 1686 1186 1757 videtur.
1218 1668 1417 1757 Satis'enim
1438 1695 1508 1783 est¹
1545 1751 1558 1786 Ι.

120 1862 125 1867 .
234 1808 418 1878 verisimile
438 1828 508 1898 eos,
530 1831 607 1879 cum
628 1811 707 1880 olim
725 1812 760 1880 in
780 1812 933 1900 margine
953 1811 1027 1881 eius
1046 1832 1087 1881 ex
1104 1795 1171 1900 quo
1190 1811 1299 1881 nostri
1319 1807 1491 1877 fluxerunt

234 1931 361 2000 codicis
389 1934 499 2002 notati
527 1939 653 2021 essent,
677 1940 797 2021 postea
829 1935 863 2002 in
888 1934 1165 2004 transscribendo
1194 1934 1258 2020 ipsi
1283 1932 1410 2020 elegiae
1438 1932 1490 1998 in-

233 2063 344 2124 sertos
359 2076 445 2125 esse.
463 2060 510 2126 At
524 2057 740 2126 dissentimus
750 2078 869 2125 rursus
880 2079 900 2126 a
911 2056 1162 2126 Luettiohanne
1173 2057 1214 2125 de
1225 2077 1292 2126 uss
1309 2061 1355 2126 59
1365 2058 1489 2123 -62:

389 2268 478 2337 Dum
500 2275 622 2337 vernat
641 2268 790 2355 sangnis,
811 2267 891 2337 dum
911 2267 1008 2354 rugis
1027 2267 1161 2356 integer
1178 2287 1298 2356 annus,

443 2391 561 2480 Utere,
583 2413 624 2460 ne
644 2391 726 2481 quid
745 2411 823 2460 cras
842 2391 927 2460 libet
946 2391 988 2460 ab
1008 2411 1067 2458 ore
1086 2391 1168 2460 dies.

349 2596 360 2617 ·
390 2514 471 2584 Vidi
492 2537 555 2605 ego
575 2514 709 2586 odorati
729 2517 861 2585 victura
879 2515 1013 2584 rosaria
1031 2514 1146 2584 Paesti

443 2638 513 2707 Sub
534 2640 702 2708 matutino
722 2651 818 2708 cocta
836 2640 950 2707 iacere
970 2637 1075 2722 Not03
1098 2679 1147 2689 -

232 2849 317 2916 quos
336 2828 394 2898 ille
413 2830 490 2899 ideo
509 2828 584 2899 loco
605 2837 726 2916 moret,
749 2831 840 2919 quod
860 2850 1023 2900 versuum
1043 2850 1127 2918 qnos
1147 2831 1263 2918 sperni
1287 2831 1489 2921 Propertius

231 2955 377 3023 maxime
401 2954 600 3043 indignetur
621 2955 743 3025 ultimo
767 2955 842 3025 loco
865 2955 1072 3024 mentionem
1096 2953 1183 3038 lieri,
1212 2955 1255 3025 ad
1277 2957 1487 3027 iuventutem
1563 3023 1565 3029 .

231 3079 391 3149 utendam
422 3099 510 3167 quae
539 3075 742 3167 gravissima
774 3082 820 3149 sit
850 3079 1045 3150 adhortatio
1074 3079 1201 3168 impelli
1228 3081 1375 3168 puellam
1408 3089 1488 3151 ante

230 3211 367 3274 caetera
393 3211 583 3293 praecepta
610 3209 779 3292 oporteat,
810 3224 888 3273 cum
915 3203 1119 3291 praesertim
1146 3225 1187 3273 ea
1214 3207 1384 3274 sententia
1412 3226 1489 3275 cum

230 3346 280 3395 vs.
304 3329 364 3396 28.
390 3327 538 3415 (Frange
567 3334 602 3396 et
629 3325 812 3394 damnosae
840 3325 916 3393 iura
942 3324 1140 3412 pudicitiae)
1168 3304 1362 3396 cohaereat.
1393 3326 1488 3396 Haec

231 3451 401 3519 sententia
420 3450 614 3519 confirmari
636 3436 772 3519 videtur
794 3446 907 3518 Ovidii
929 3449 1024 3517 Artis
1043 3451 1241 3519 Amatoriae
1259 3448 1348 3518 libro
1369 3451 1488 3533 tertio,

230 3575 265 3644 in
290 3596 356 3663 quo
380 3575 499 3645 similis
523 3573 718 3645 adhortatio
744 3573 833 3642 omni
856 3573 1090 3660 praeceptioni
1108 3573 1368 3660 praemittitur,
1394 3574 1487 3644 eius-

231 3700 377 3787 demque
401 3701 477 3768 Am.
499 3701 527 3786 l,
553 3701 587 3768 8.
608 3698 666 3767 ubi
694 3704 788 3766 certe
816 3716 988 3783 perpauca
1016 3703 1094 3765 ante
1120 3694 1387 3783 praecipiuntur.
1418 3695 1488 3766 Sed
1564 3792 1568 3799 ,

230 3842 411 3894 caveamus
435 3845 476 3893 ne
500 3843 539 3892 oa
562 3821 676 3911 specie
699 3817 872 3889 fallamur.
902 3818 937 3889 Si
963 3823 1053 3889 enim
1076 3839 1194 3888 verum
1217 3823 1427 3908 quaerimus,
1453 3822 1488 3889 in

231 3947 397 4020 Ovidiana
425 3948 534 4034 elegia
561 3944 676 4013 eadem
706 3944 901 4014 adhortatio
929 3945 963 4013 in
995 3942 1096 4013 simili
1125 3944 1370 4013 sententiarum
1398 3945 1487 4014 serie

229 4074 343 4161 posita
371 4078 424 4141 est
452 4077 555 4156 atque
582 4067 616 4136 in
644 4068 880 4156 Propertiana.
908 4068 1081 4156 Dirigitur
1109 4069 1197 4137 enim
1227 4067 1270 4137 ad
1303 4078 1485 4156 quaestum

231 4217 298 4266 vss.
322 4200 382 4267 53.
404 4216 449 4264 ss.

335 4390 472 4478 Forma,
492 4389 558 4458 nisi
576 4388 749 4476 admittas,
769 4387 862 4458 nullo
883 4394 1061 4457 exercente
1082 4389 1250 4459 senescit:

386 4512 457 4584 Nec
478 4512 563 4584 satis
582 4512 721 4584 effectus
740 4532 826 4581 nnus
841 4519 875 4581 et
893 4511 983 4580 alter
1001 4512 1138 4582 habent.
