3166 5146
798 276 1008 345 -100—

272 490 416 562 alteram
441 507 513 557 rem
538 506 625 577 quae
649 487 683 555 in
704 485 794 556 idem
817 485 951 556 incidat
973 491 1108 574 tempus
1136 483 1268 557 afferat.
1305 485 1534 574 Quemadmo-

273 612 350 684 dum
370 612 404 683 in
423 611 577 682 eiusdem
596 610 724 698 elegiae
743 610 842 680 initio
862 610 991 680 dictum
1011 615 1080 679 est:

429 825 532 895 Disce
553 823 635 912 quid
653 823 830 911 Esquilias
849 822 915 893 1166
935 825 1037 891 16616
1056 818 1187 909 fugarit
1206 840 1366 908 aquosas,

483 947 567 1018 Cum
587 947 699 1018 vicina
719 947 815 1017 novis
835 946 940 1016 turba
960 945 1118 1015 cucurrit
1136 946 1230 1034 agris
1250 967 1314 1031 -;

272 1180 350 1230 nam
369 1179 409 1231 eo
428 1161 504 1250 ipso
523 1165 680 1248 tempore
701 1160 759 1248 qui
778 1161 812 1228 in
832 1158 1013 1247 Esquilino
1029 1158 1115 1228 colle
1129 1157 1333 1229 babitabant
1345 1159 1536 1229 accurrisse

273 1284 444 1371 dicuntur,
466 1304 532 1371 quo
550 1290 720 1353 nocturna
738 1283 815 1352 rixa
834 1282 1053 1369 incendiique
1073 1286 1166 1371 metu
1185 1283 1257 1352 suis
1277 1283 1457 1371 quisquae
1476 1300 1534 1353 ou-

272 1407 397 1479 biculis
415 1405 524 1497 fugati
543 1408 622 1477 sint.
650 1405 817 1476 Similiter
836 1406 891 1476 1116
910 1405 990 1475 dum
1007 1402 1155 1494 Cynthia
1172 1404 1349 1494 magnifico
1369 1412 1535 1495 apparatu

272 1531 519 1620 triumphantis
537 1531 647 1600 instar
664 1550 728 1619 per
747 1530 838 1600 viam
854 1530 999 1617 Appiam
1014 1529 1153 1598 vehitur
1172 1530 1207 1598 in
1226 1528 1379 1601 obscura
1392 1530 1536 1603 taberna

273 1654 427 1725 eiusdem
446 1654 576 1725 scilicet
595 1654 670 1724 viae
688 1655 767 1723 rixa
785 1662 821 1722 et
840 1652 969 1723 61611161
986 1658 1080 1722 mota
1100 1652 1275 1743 dicuntur,
1297 1661 1337 1726 ut
1354 1655 1425 1726 iam
1442 1661 1535 1726 vete-

271 1797 329 1849 res
357 1778 589 1867 explicatores
605 1767 686 1847 rem
708 1777 989 1866 explanaverunt.
1020 1774 1139 1863 Qualis
1162 1777 1308 1848 taberna
1331 1779 1401 1868 illa,
1428 1779 1536 1868 qualis

273 1921 486 1992 quorumque
503 1901 678 1972 hominum
697 1901 774 1971 rixa
792 1901 898 1971 fuerit
916 1900 972 1970 hic
991 1901 1128 1989 quidem
1147 1921 1215 1972 non
1230 1902 1369 1993 dieitur,
1391 1904 1452 1974 sed
1471 1924 1537 1974 non

275 2026 440 2096 dissimile
467 2027 541 2096 1611
565 2031 620 2096 661
646 2025 697 2095 1111
721 2025 866 2096 similem
889 2045 1078 2115 cauponam
1107 2026 1193 2114 dici,
1221 2028 1256 2097 in
1285 2007 1354 2116 qua
1379 2025 1537 2098 Catullus

273 2149 423 2220 carmine
439 2151 500 2219 37.
516 2154 686 2220 memorat
704 2150 919 2220 continenter
938 2150 1064 2221 multos
1084 2151 1213 2220 otiosos
1231 2151 1386 2222 homines
1405 2151 1538 2224 sedisse

274 2271 638 2362 amatoriisquerebus
662 2278 698 2342 61
720 2273 936 2344 sermonibus
960 2273 1049 2344 diem
1073 2271 1293 2360 contrivisse3
1322 2274 1398 2345 rixa
1420 2281 1552 2346 autem·

272 2395 349 2484 ipsa
368 2394 538 2485 Cynthiae
556 2397 853 2486 praetervectione
876 2403 969 2468 mota
993 2417 1069 2468 esse
1092 2382 1243 2485 videtur,
1267 2397 1339 2467 sive
1362 2399 1538 2470 aemulan·

273 2524 327 2591 tes
346 2520 411 2590 sibi
429 2540 597 2610 quemque
616 2522 690 2591 eius
709 2522 891 2591 amicitiam
909 2522 1114 2609 vindicasse,
1141 2521 1213 2591 sive
1237 2526 1278 2591 ut
1300 2522 1429 2593 assolet
1445 2522 1537 2596 iuter

273 2642 443 2712 eiusmodi
460 2643 616 2714 homines
627 2664 714 2714 cum
731 2644 856 2714 nobilis
874 2644 1044 2734 multique
1062 2645 1213 2715 rumoris
1231 2643 1357 2716 femina
1375 2666 1434 2717 666
1456 2668 1530 2718 con·

273 2765 380 2836 vertit
393 2764 435 2835 de
450 2766 525 2836 eius
539 2764 783 2854 Propertiique
798 2767 972 2836 amoribus
986 2769 1167 2838 verissima
1182 2776 1218 2838 et
1231 2769 1420 2841 novissima
1432 2791 1531 2861 quae-

274 2907 340 2978 que
358 2887 514 2977 proferre
534 2889 692 2960 6611611111
712 2886 888 2960 studuisse
912 2890 1098 2960 existimes.
1127 2888 1336 2964 Huiusmodi
1360 2914 1534 2966 sermones

273 3018 441 3084 memorat
458 3013 660 3102 Propertius
679 3013 783 3084 etiam
802 3012 866 3102 111,
889 3018 950 3102 25,
970 3019 1057 3086 extr.

431 3226 537 3297 Risus
557 3247 652 3296 eram
671 3227 794 3314 positis
813 3225 904 3294 inter
923 3224 1079 3295 convivia
1097 3227 1223 3296 mensis

483 3348 531 3418 Et
550 3349 591 3419 de
610 3369 665 3419 me
683 3353 824 3440 poterat
842 3347 987 3438 quilibet
1004 3368 1081 3419 esse
1100 3348 1236 3438 loquax.

353 3559 393 3631 In
411 3581 514 3632 nona
532 3562 642 3651 elegia
659 3562 931 3634 Luettiohannes
949 3562 1041 3632 inter
1061 3583 1110 3633 vs.
1134 3567 1193 3635 32.

483 3773 531 3845 Et
548 3773 633 3845 iacit
652 3780 731 3845 ante
750 3773 843 3847 16166
862 3774 969 3847 verba
987 3776 1120 3848 minora
1137 3775 1200 3846 deo
1220 3816 1270 3827 -

344 3989 381 4054 61
400 3986 460 4056 33.
480 3982 553 4054 Vos
572 4005 696 4074 precor
716 4007 735 4056 0
752 3987 820 4058 luci
839 4008 936 4058 sacro
956 4004 1043 4076 quae
1061 3986 1179 4059 luditis
1199 3996 1297 4062 antro
1315 4032 1366 4043 -—

276 4195 463 4289 interponit
481 4216 550 4267 vss.
573 4200 633 4270 65.
654 4218 681 4270 s.

433 4409 589 4500 Angulus
608 4410 664 4482 1116
683 4413 799 4484 mundi
817 4435 906 4486 nunc
924 4435 977 4485 me
995 4435 1073 4487 mea
1090 4415 1162 4487 1616
1180 4418 1371 4490 trahentem

486 4535 640 4626 Accipit:
661 4537 745 4609 haec
764 4536 854 4611 fesso
874 4539 939 4610 rix
958 4539 1041 4611 milri
1059 4545 1156 4612 terra
1174 4546 1280 4631 patet.
