3166 5146
687 216 895 316 -52'..

158 470 280 550 strum,
298 481 410 550 oeque
430 460 464 528 iu
484 460 526 529 iis
545 459 697 548 antiquis
715 459 916 549 1111111111
933 478 1042 549 usque
1057 456 1101 529 ad
1120 458 1187 529 hoc
1202 425 1342 547 tempus
1357 474 1434 526 ser·

77 590 81 601 “
156 585 228 656 1111
253 593 334 655 1111
358 586 527 675 reperias,
552 585 586 654 in
611 605 713 673 quam
738 584 897 673 quodque
920 592 1056 673 partem
1078 603 1200 653 nomen
1224 570 1433 665 conveniam

156 709 280 780 deinde
299 729 382 780 vero
402 706 581 780 confertur
601 706 739 798 quidem
758 729 855 780 amor
874 729 952 778 cum
971 709 1120 796 piscatu,
1138 714 1178 777 ut
1196 704 1298 777 Ouid.
1320 705 1365 775 A.
1388 703 1433 773 A.

89 817 92 825 ¹
156 832 221 922 Ill,
243 836 331 904 425.
353 855 379 902 1.

197 1053 201 1059 ’
264 1044 374 1117 Casus
395 1045 524 1134 ubique
545 1045 655 1117 valet:
678 1065 817 1134 semper
835 1046 901 1116 tibi
921 1045 1068 1134 pendeat
1087 1045 1219 1115 hamus.

191 1242 194 1248 ,
317 1167 392 1257 Quo
412 1170 551 1240 minime
571 1171 693 1241 credas
712 1170 851 1257 gurgite
869 1170 976 1260 piscis
996 1170 1063 1239 erit
1082 1208 1134 1219 -

156 1390 193 1454 at
220 1384 329 1454 multo
359 1384 496 1471 saepius
526 1385 585 1472 qui
612 1344 730 1453 amant
757 1391 818 1452 aut
845 1382 982 1470 sagittis
1011 1380 1165 1451 transfixi
1192 1371 1253 1450 aut
1277 1376 1432 1449 11111111

23 1540 30 1549 ’
67 1558 70 1565 -
155 1511 265 1578 instar
283 1508 418 1597 laqueis
436 1506 589 1596 plagisve
609 1508 687 1598 capi
719 1507 897 1595 dicuntur,
922 1513 983 1576 aut
1006 1504 1143 1576 facibus
1160 1501 1299 1575 Amoris
1317 1503 1377 1572 uri
1396 1511 1432 1572 11

155 1634 313 1720 torqueri
336 1638 398 1701 aut
421 1632 567 1702 vinculis
596 1632 651 1701 vel
678 1633 811 1702 catenis
839 1631 954 1700 teneri
981 1637 1043 1700 aut
1072 1629 1199 1718 captivi
1225 1628 1261 1697 in
1288 1622 1430 1697 'Amoris
1463 1639 1467 1645 ·

155 1757 332 1846 triumpho
357 1757 435 1827 duci
454 1764 520 1859 111
537 1758 654 1846 iugum
677 1755 770 1826 ferre
790 1763 850 1826 aut
868 1754 1015 1825 militare
1043 1760 1079 1824 et
1096 1754 1195 1842 signa
1214 1748 1358 1823 Amoris
1377 1770 1429 1820 11·

156 1883 214 1971 qui
234 1888 294 1951 aut
312 1881 348 1951 in
366 1881 454 1950 mari
473 1882 595 1951 iactari
621 1887 682 1950 aut
700 1881 832 1950 servire
860 1887 920 1949 aut
940 1885 1120 1967 aegrotare
1140 1876 1196 1947 vel
1214 1875 1347 1945 lurore.
1375 1874 1430 1945 Ex

155 2007 208 2076 his
236 2006 344 2093 igitur
367 2005 498 2094 aliquid
526 2005 731 2074 sumendum
760 2005 840 2092 erit,
870 2005 904 2073 iu
928 2025 995 2092 quo
1025 2009 1061 2073 et
1083 2011 1239 2072 mentum
1264 2006 1301 2071 et
1320 2019 1428 2071 uncus

156 2150 233 2199 cum
253 2150 337 2199 ansa
356 2136 391 2197 11
407 2134 523 2198 111111
543 2127 678 2199 facilem
698 2128 960 2216 explicationem
980 2126 1119 2197 habeat.
1137 2125 1206 2196 Sed
1220 2121 1305 2213 quid
1318 2124 1426 2214 potis·

156 2253 293 2342 simum,
322 2273 389 2322 non
409 2252 510 2322 facile
530 2260 582 2322 est
602 2251 708 2329 dictu,
739 2273 816 2322 oum
836 2272 900 2321 nec
919 2250 1017 2320 frena
1035 2271 1098 2320 uec
1118 2251 1201 2338 iuga
1214 2270 1279 2319 nec
1294 2248 1423 2319 vincula

156 2398 268 2466 neque
297 2377 364 2447 alia
391 2376 501 2448 multa
530 2377 641 2447 exiis
674 2377 758 2446 satis
788 2376 926 2466 cognita
956 2375 1157 2445 habeamus,
1193 2370 1425 2444 0111111111-

155 2504 231 2572 vius
251 2501 299 2591 ΙΙ,
321 2505 356 2572 8.
378 2522 514 2572 111111
535 2502 577 2571 de
598 2522 639 2572 eo
659 2501 797 2571 vinculo
818 2501 924 2588 dicat,
945 2521 1012 2588 quo
1030 2507 1207 2569 caementa
1226 2498 1427 2569 continean-

154 2633 213 2695 tur
235 2632 271 2695 et
289 2645 435 2695 uncum
456 2625 617 2694 similiter
637 2624 705 2694 dici
730 2634 879 2711 constet,
899 2623 1047 2694 fortasse
1071 2634 1213 2693 catenae
1233 2620 1421 2711 significan·

154 2756 213 2818 tur
233 2769 319 2838 quae
340 2747 538 2837 duplicibus
561 2748 711 2818 vinculis
731 2748 855 2818 collum
876 2749 1023 2818 amantis
1044 2754 1198 2836 teneant,
1220 2748 1423 2836 praesertin

155 2893 234 2941 cum
254 2893 396 2942 uncum
419 2871 462 2941 ad
483 2892 628 2962 corpora
656 2873 804 2942 bumana
832 2871 986 2942 additum
1018 2871 1072 2941 vel
1095 2873 1199 2940 lixum
1227 2872 1262 2940 in
1290 2873 1338 2942 iis
1358 2874 1428 2943 esse

154 3004 320 3086 appareat
339 3017 382 3067 ex
405 2995 449 3065 iis
476 2997 561 3067 locis
591 2998 649 3086 qui
678 2997 810 3088 pridem
835 2996 932 3067 allati
955 3004 1056 3066 sunt:
1078 2994 1149 3066 Cic.
1171 2995 1262 3066 Phil.
1283 2995 1314 3084 Ι,
1338 3001 1373 3085 2,
1395 3000 1427 3066 5.

153 3120 270 3192 Uncus
291 3128 344 3191 est
366 3122 537 3209 impactus
560 3121 707 3211 fugitivo
731 3121 792 3191 illi.
820 3120 919 3193 Ouid.
945 3121 994 3191 lb.
1025 3124 1109 3191 165.
1138 3118 1339 3209 Infixusque
1361 3123 1430 3191 tuis

154 3247 288 3316 ossibus
313 3267 423 3316 uncus
448 3245 527 3314 erit.
554 3245 715 3316 Juvenal.
741 3244 810 3315 Sat.
836 3244 880 3333 X,
908 3249 968 3316 66.
996 3244 1142 3314 Seianus
1167 3244 1310 3314 ducitur
1339 3267 1429 3317 unco

155 3369 383 3457 Spectandus.
420 3366 564 3456 Quoquo
585 3368 684 3438 modo
705 3377 820 3438 autem
843 3368 949 3438 verba
972 3369 1230 3459 explicabimus,
1255 3371 1431 3440 sententia

153 3493 240 3563 haec
261 3493 349 3562 erit:
376 3491 469 3562 nullo
494 3498 597 3581 pacto
620 3499 654 3562 te
679 3492 722 3562 ab
747 3513 788 3562 eo
808 3513 925 3562 amore
950 3512 1093 3580 prorsus
1116 3492 1293 3563 liberabis.
1316 3491 1430 3581 Quam

154 3618 361 3687 sententiam
385 3613 488 3688 facile
513 3617 671 3687 cernitur
699 3636 777 3685 cum
801 3615 882 3685 addi
905 3617 1084 3705 aptissime
1115 3624 1155 3686 11
1182 3617 1356 3705 particula
1384 3620 1429 3689 ad

153 3741 371 3830 superiorem
391 3749 464 3811 tum
485 3762 561 3811 cum
581 3739 737 3827 proxima
757 3740 886 3827 optime
906 3741 1104 3815 cohaerere.
1128 3739 1224 3810 Haec
1245 3742 1431 3815 enim-tria

153 3864 339 3936 dicuntur:
360 3868 509 3955 primum
529 3884 630 3932 unam
650 3862 801 3951 puellam
819 3864 1037 3953 aPropertio
1051 3871 1202 3933 amatum
1221 3864 1278 3953 iri,
1299 3865 1430 3946 deinde

152 3997 335 4079 perpetuo,
365 3997 437 4059 tum
468 4007 602 4058 summo
631 4008 707 4056 cum
732 3988 866 4076 dolore;
896 3996 936 4058 ut
964 4008 1005 4057 ne
1030 3987 1113 4057 illud
1138 3988 1277 4076 quidem
1301 4011 1429 4061 verum

151 4114 198 4181 sit
217 4135 236 4181 a
256 4114 445 4207 maioribus
469 4111 514 4182 ad
536 4113 686 4182 minores
710 4113 847 4184 dolores
870 4112 1118 4201 praedicendos
1142 4115 1430 4187 vaticinationem

151 4237 313 4307 transire.

230 4361 271 4432 In
301 4362 413 4449 elegia
440 4362 552 4431 altera
580 4362 853 4432 Luettiohannes
882 4364 929 4452 (p.
954 4365 1014 4432 34.
1036 4362 1079 4450 1.)
1106 4362 1183 4432 1111
1210 4374 1330 4436 moret
1355 4387 1428 4439 vss.

153 4492 197 4557 41
227 4529 272 4539 -
294 4489 357 4556 46.
