3166 5146
688 246 897 314 ...15-

158 475 260 525 asna
277 459 393 526 aetate
414 459 448 525 et
473 455 650 526 voluntate
679 475 830 526 amorem
858 436 1026 546 profitens
1053 460 1226 526 ettamen
1254 475 1292 525 se
1318 456 1426 527 invito

157 598 340 669 erumpere
374 600 416 649 ne
441 600 462 650 a
485 579 621 669 reliquo
650 578 791 669 quidem
818 580 907 651 libro
935 580 1102 651 amatoria
1129 580 1254 652 abesse
1276 581 1427 651 carmina

128 712 134 770 ’.
155 703 283 775 leviter
307 702 462 775 indicare
487 713 549 775 est*
564 704 821 776 existimandus.
849 706 993 795 Epodon
1016 706 1177 797 primum,
1208 726 1275 794 quo
1299 725 1425 775 senon

154 829 307 918 praedae
327 849 440 918 causa,
457 829 520 900 sed
538 835 682 921 propter
702 837 831 900 metum
850 838 884 902 et
904 852 1022 902 curam
1035 831 1248 902 Maecenatis
1266 834 1426 921 paratum

154 955 206 1024 ait
226 974 303 1025 eum
323 954 359 1024 in
379 954 506 1024 bellum
527 954 698 1044 comitari,
719 976 762 1026 ex
782 955 865 1044 ipsis
889 961 1080 1044 temporum
1103 955 1294 1026 rationibus
1313 955 1429 1026 elucet

156 1096 226 1148 non
254 1099 295 1149 eo
324 1079 470 1150 consilio
498 1080 685 1169 scriptum,
717 1085 757 1149 ut
774 1078 903 1150 librum
930 1080 1115 1181 inciperet;
1139 1101 1201 1151 cur
1222 1080 1335 1168 primo
1352 1079 1428 1150 loco

155 1208 343 1293 poneretur
362 1203 448 1275 haec
468 1202 617 1275 fortasse
636 1225 741 1276 cansa
760 1211 846 1296 erat,
864 1204 955 1295 quod
975 1224 1044 1274 non
1062 1204 1316 1276 incommodum
1330 1204 1424 1275 vido·

155 1329 260 1399 batur
287 1327 477 1400 alautoris
508 1329 833 1400 commemoratione
862 1329 988 1401 librum
1020 1329 1185 1419 incipere.
1225 1329 1299 1400 Nec
1325 1351 1426 1402 secus

154 1452 292 1526 videtur
320 1455 363 1526 de
392 1456 465 1527 Sat.
491 1455 520 1542 l,
549 1458 600 1543 1.,
631 1475 697 1544 qua
719 1455 956 1526 Maecenatem
985 1453 1108 1526 affatus
1133 1453 1280 1527 ridicule
1309 1476 1426 1527 secum

153 1600 306 1670 pugnare
325 1579 482 1649 homines
503 1576 666 1683 ostendit,
694 1600 772 1650 cum
797 1601 859 1650 nec
882 1602 944 1650 sua
968 1580 1147 1671 quisquam
1166 1586 1262 1651 sorte
1282 1586 1424 1652 conten·

153 1705 276 1775 tussit
299 1725 363 1775 nec
386 1708 502 1774 tamen
527 1724 601 1773 eam
626 1705 654 1773 si
679 1704 788 1793 possit
810 1703 885 1774 fieri
909 1709 1077 1775 mutatam
1099 1705 1200 1796 velit,
1224 1726 1371 1796 cumque
1389 1707 1425 1777 in

155 1850 256 1899 nsum
275 1826 430 1898 futurum
450 1849 491 1898 ea
511 1827 697 1898 corradant
717 1829 841 1917 quibus
863 1850 1036 1919 nunquam
1052 1834 1204 1920 utantur,
1221 1831 1425 1902 imminuere

156 1960 312 2029 metuant
331 1973 419 2041 quae
443 1954 509 2024 nisi
534 1959 779 2025 consumantur
797 1953 881 2024 nihil
899 1954 1046 2044 prosint,
1067 1955 1182 2043 parvis
1200 1961 1347 2027 naturae
1366 1932 1425 2026 ne-

156 2079 377 2150 cessitatibus
400 2080 453 2149 vel
475 2080 597 2170 paucis
621 2077 795 2170 satisfieri,
824 2078 1001 2149 hominum
1024 2081 1312 2153 existimationem
1337 2104 1426 2173 quae

154 2204 322 2292 pecuniae
340 2204 496 2294 pariatur
520 2224 587 2274 non
610 2205 699 2275 tanti
723 2225 811 2294 esse,
836 2224 987 2276 amorem
1011 2226 1052 2276 ea
1075 2227 1142 2277 non
1164 2208 1280 2296 parari
1303 2228 1425 2297 parum

153 2328 358 2418 intelligant,
370 2335 559 2418 contraque
578 2349 638 2399 eos
659 2350 798 2400 errores
816 2329 954 2399 modum
974 2313 1049 2400 esse
1068 2331 1104 2400 in
1118 2331 1220 2402 rebus
1235 2333 1424 2420 praedicat.

154 2456 203 2525 At
222 2436 295 2525 Sat.
316 2453 363 2544 Il,
388 2457 420 2524 l.
443 2459 480 2524 et
497 2454 651 2524 scribere
670 2475 707 2524 se
727 2452 912 2542 profitetur
927 2452 1021 2541 quod
1040 2474 1107 2524 non
1127 2456 1239 2542 possit
1255 2476 1322 2526 non
1341 2459 1424 2528 scri·

152 2579 249 2665 bere,
274 2585 310 2648 et
334 2578 472 2668 satiraS,
493 2599 560 2648 non
579 2578 730 2666 Augusti
748 2576 885 2666 laudes,
907 2578 999 2668 qnod
1017 2578 1072 2648 his
1095 2600 1163 2650 non
1185 2600 1251 2668 par
1273 2581 1331 2671 sit,
1355 2582 1425 2653 illis

152 2710 316 2794 tanquam
350 2704 456 2774 armis
485 2706 556 2774 suis
589 2708 725 2792 utatur,
759 2724 870 2793 neque
899 2723 976 2773 cnm
1004 2703 1155 2795 Augusti
1187 2705 1427 2779 benevolentia

154 2836 251 2900 tutus
279 2829 327 2899 sit
354 2848 559 2918 quemquam
589 2836 760 2916 metuere3
804 2828 918 2917 Epist.
941 2828 986 2908 ll,
1016 2833 1048 2898 l.
1067 2830 1226 2918 Augusto
1259 2853 1295 2903 se
1323 2840 1426 2922 atque

153 2954 315 3044 aequales
351 2961 472 3042 poetas
505 2959 627 3023 contra
662 2957 816 3023 veterum
854 2952 979 3021 nimios
1012 2952 1240 3026 admiratores
1273 2955 1427 3029 defendit

154 3082 313 3171 quodque
333 3082 408 3149 eius
426 3078 548 3150 laudes
568 3100 634 3149 non
659 3078 813 3149 celebret
835 3078 964 3167 ingenii
988 3078 1041 3147 sni
1063 3079 1302 3152 imbecillitate
1320 3104 1425 3155 excn·

155 3211 223 3293 sat;
244 3205 358 3294 Epist.
371 3203 400 3292 I,
415 3204 448 3271 1.
461 3202 656 3273 Maecenati
676 3223 713 3273 se
733 3201 877 3290 exponit
896 3202 940 3272 ad
959 3203 1106 3291 pristina
1125 3206 1277 3276 carmina
1295 3204 1426 3281 frustra

153 3329 328 3418 revocari,
354 3327 435 3416 quia
458 3325 535 3403 iam,
553 3325 790 3415 philosophiae
814 3326 1005 3417 virtutique
1029 3328 1177 3399 studeat.
1201 3319 1361 3421 Persius,
1387 3335 1427 3399 ut

153 3453 223 3523 iam
246 3474 305 3525 eos
328 3452 388 3542 qui
412 3449 549 3538 longius
574 3472 594 3520 a
617 3451 802 3540 Propertio
826 3451 972 3538 distant,
1002 3473 1248 3543 memoremus,
1272 3455 1315 3524 iis
1339 3473 1424 3544 qnos

155 3579 272 3648 satiris
301 3580 373 3647 suis
402 3574 585 3666 praemisit
602 3575 855 3664 Hipponacteis
879 3597 948 3646 non
968 3584 1107 3666 poetam
1132 3599 1169 3648 se
1192 3579 1253 3650 sed
1276 3579 1423 3668 semipa-

156 3723 283 3790 ganum
304 3704 501 3794 praedicat3
530 3701 703 3772 luvenalis
726 3703 837 3790 prima
864 3703 972 3773 satira
996 3723 1057 3773 cur
1080 3702 1211 3773 scribat
1233 3703 1370 3794 etquid
1390 3708 1426 3772 et

156 3825 199 3897 de
223 3827 349 3916 quibus
372 3829 503 3899 scribat
526 3833 783 3898 commemorat.
804 3827 968 3899 Poteram
992 3827 1119 3899 addere
1143 3828 1186 3900 de
1204 3827 1366 3899 Phaedro
1391 3832 1426 3899 et
1518 3901 1522 3911 ,

132 4020 135 4031 .
156 3953 331 4043 Martiale,
353 3952 481 4043 siquid
501 3953 579 4023 novi
598 3953 692 4043 apud
712 3972 772 4022 eos
791 3959 1010 4024 cerneretur:
1032 3953 1093 4024 sed
1113 3951 1218 4024 exiis
1236 3972 1323 4042 quae
1343 3973 1426 4042 pro·

156 4079 220 4150 tuli
247 4079 334 4150 satis
362 4083 415 4150 est
443 4079 680 4168 perspicuum,
715 4078 840 4167 quibus
873 4079 1085 4149 carminibus
1118 4083 1242 4166 poetae
1271 4079 1426 4170 singulos

126 4238 129 4247 ·
155 4203 263 4275 libros
286 4201 449 4273 inducere
472 4202 618 4272 soleant.
650 4200 723 4271 Aut
746 4200 837 4270 enim
861 4222 949 4289 quae
976 4201 1089 4292 prima
1111 4199 1245 4273 iaciunt
1272 4203 1425 4275 carmina

155 4327 250 4398 nulla
272 4314 369 4398 certa
396 4331 431 4397 et
448 4326 634 4417 perspicua
662 4347 764 4397 causa
786 4327 822 4396 in
850 4327 960 4398 initiis
990 4327 1170 4419 collocant,
1197 4335 1258 4400 aut
1284 4329 1424 4417 siquae

156 4452 324 4523 eiusmodi
352 4451 442 4524 ratio
470 4452 638 4532 cernitur,
668 4453 742 4540 qui,
772 4451 871 4541 quid,
902 4451 974 4542 cui,
1003 4451 1109 4542 unde,
1139 4452 1327 4543 quomodo,
1356 4470 1424 4541 qua

155 4597 271 4667 causa,
292 4597 360 4666 quo
380 4577 523 4648 consilio
543 4575 698 4646 scribant
721 4576 776 4646 vel
793 4596 861 4645 ooo
881 4576 1038 4647 scribant
1059 4575 1278 4665 profitentur,
1303 4574 1422 4664 utique
