3166 5146
487 262 495 279 ’
622 269 832 338 -11—

39 560 42 575 Ι
94 479 208 550 missis
236 484 384 569 quatuor
411 478 499 549 adde
527 480 613 550 meis
636 484 763 557 -aut
789 479 825 549 in
852 480 912 568 iis,
942 500 1030 569 quae
1058 479 1225 550 Amorum
1253 501 1360 552 norae
1414 525 1417 533 ·

95 603 241 674 editioni
267 605 456 694 praemissa
485 609 581 674 suxit:
611 602 677 690 Qui
704 603 805 675 modo
834 604 982 676 Nasonis
1009 602 1185 674 fueramus
1213 605 1361 696 quinque

93 727 202 800 libelli
212 729 298 800 Tres
318 727 699 820 sumus-Sedtamen
715 729 751 798 hi
771 749 906 818 quoque
916 728 1050 818 singula
1065 729 1218 799 carmina
1232 728 1362 800 libellos

94 854 282 943 appellant,
302 860 340 924 ut
361 852 460 925 Ouid.
482 853 588 924 Trist.
609 853 671 941 IV,
697 857 781 942 1,1.
804 853 839 925 Si
861 874 929 942 qua
949 853 1033 924 meis
1052 851 1183 925 luerint
1201 859 1242 924 ut
1260 860 1363 925 erunt

13 1044 15 1049 .
94 977 220 1049 vitiosa
238 978 363 1049 libellis
382 1018 422 1030 -
444 977 510 1068 Ep.
528 999 569 1047 ex
586 976 625 1048 P.
641 977 669 1066 Ι,
694 981 726 1068 l,
745 980 778 1048 3.
802 976 838 1048 Si
854 983 966 1066 vacat,
982 979 1132 1067 hospitio
1146 977 1362 1068 peregrinos,

95 1102 215 1191 Brute,
236 1102 370 1174 libellos
390 1103 510 1191 excipe
530 1143 582 1152 -
601 1101 663 1192 IV,
686 1106 721 1192 2,
745 1106 778 1173 3.
810 1101 919 1174 Cuius
938 1102 1051 1173 adhuc
1076 1123 1198 1173 nomen
1222 1108 1362 1175 nostros

95 1228 243 1298 tacuisse
262 1226 399 1299 libellos
418 1226 454 1297 Si
474 1227 576 1297 modo
596 1227 768 1317 permittis
794 1226 912 1297 dicere
936 1246 1020 1297 vera
1042 1226 1221 1316 pudet-
1245 1232 1304 1317 12,
1328 1230 1361 1299 1.

96 1350 285 1438 Quominus
304 1353 338 1422 in
357 1352 486 1423 nostris
505 1353 656 1442 ponaris,
678 1353 799 1440 amice,
815 1350 942 1422 libellis
965 1393 1008 1402 -
1030 1352 1081 1423 Ib.
1101 1353 1135 1422 5.
1156 1352 1230 1423 Nec
1246 1372 1362 1442 quern·

96 1497 195 1566 quam
221 1478 332 1548 nostri
355 1477 421 1547 nisi
448 1498 511 1547 nos
537 1477 672 1548 laesere
699 1475 807 1546 libelli
830 1515 878 1530 -
899 1476 1023 1546 Horat.
1049 1476 1163 1566 Epist.
1187 1477 1217 1565 Ι,
1245 1480 1305 1566 13,
1327 1481 1362 1550 4.

95 1601 148 1673 Ne
161 1601 275 1673 studio
286 1604 396 1674 nostri
416 1623 538 1690 pecces
558 1602 744 1691 odiumque
764 1600 890 1672 libellis
909 1599 1054 1672 Sedulus
1063 1601 1241 1690 importes.
1253 1602 1365 1676 —Ut

94 1727 215 1814 paucis
240 1726 470 1814 complectar:
500 1747 542 1795 ex
566 1726 713 1795 aliorum
743 1725 991 1797 consuetudine
1014 1732 1102 1796 tres
1130 1725 1265 1797 libelli
1287 1748 1365 1816 pos·

97 1860 178 1921 sunt
197 1871 276 1921 esse
295 1852 377 1920 tria
397 1852 589 1940 carmina,
611 1871 652 1920 ex
666 1850 894 1938 Propertiana
914 1850 1162 1921 consuetudine
1180 1872 1247 1921 non
1262 1849 1364 1922 facile

78 2003 81 2009 ·
97 1979 247 2064 possunt
262 1996 338 2045 esse
353 1974 456 2045 aliud.
477 1974 551 2045 Nec
567 1976 677 2064 magis
692 1973 878 2064 quidquam
893 1995 935 2045 ex
954 1974 1090 2045 tribus
1108 1975 1221 2065 promi
1234 1980 1364 2064 potest,

98 2121 166 2189 quo
186 2101 332 2170 alterum
350 2099 476 2169 librum
496 2102 530 2169 in
551 2101 638 2170 duos
658 2094 880 2170 dividendum
900 2097 1081 2170 efficiatur.
1112 2099 1257 2190 Triplici
1276 2100 1366 2171 enirn
1410 2183 1413 2187 ,

98 2224 198 2295 modo
231 2224 383 2295 ternario
415 2244 559 2295 numero
593 2225 703 2296 utitur
736 2224 959 2314 Propertius,
994 2229 1033 2294 ut
1059 2222 1133 2296 lere
1161 2245 1278 2295 omnes
1306 2229 1367 2296 aut

97 2349 289 2438 scriptores
307 2354 368 2419 aut
387 2356 511 2437 poetae
530 2355 656 2420 tamen.
677 2349 833 2418 Primum
856 2350 1012 2439 proprie,
1038 2354 1077 2419 ut
1095 2355 1168 2418 tres
1187 2369 1242 2419 res
1261 2349 1366 2437 dicat,

98 2474 180 2562 quia
198 2475 233 2542 in
253 2493 368 2542 rerum
390 2482 514 2543 natura
534 2478 615 2542 sunt
634 2471 795 2542 totidem:
817 2471 862 2560 ΙΙ,
878 2474 938 2559 13,
952 2475 1012 2541 44.
1039 2470 1205 2542 lussisset
1224 2473 1366 2560 quaevis

97 2598 139 2668 de
158 2599 271 2669 tribus
289 2619 359 2668 uua
379 2618 479 2667 soror
496 2637 545 2648 -
557 2595 600 2667 cf.
619 2601 680 2668 46.
702 2594 862 2666 Nestoris
881 2601 935 2666 est
955 2596 1049 2667 visus
1068 2600 1146 2684 post
1164 2596 1234 2687 tria
1253 2597 1367 2667 saecla

97 2724 250 2794 cinis-
266 2724 330 2813 III,
348 2728 406 2812 11,
429 2725 488 2792 35.
511 2721 597 2791 Tres
615 2721 676 2791 ubi
695 2719 859 2809 Pompeio
881 2720 1033 2791 detraxit
1050 2741 1154 2792 arena
1174 2721 1368 2810 triumphos

100 2889 147 2902 —
168 2850 214 2920 ib.
241 2851 299 2938 15,
322 2852 356 2919 7.
376 2848 515 2918 Tertius
541 2847 631 2918 haud
656 2847 898 2917 multominus
922 2853 977 2917 est
1000 2866 1077 2916 cum
1101 2845 1240 2916 ducitur
1257 2866 1368 2917 annus

100 3015 148 3025 -
169 2974 216 3045 ib.
232 2977 292 3063 18,
306 2976 366 3044 23.
387 2971 575 3042 Exoranda
590 2971 684 3041 canis
698 2971 767 3041 1111
786 2976 868 3040 sunt
886 2969 1050 3040 latrantia
1061 2969 1160 3040 colla.
1176 2969 1239 3057 IV,
1256 2973 1292 3059 8,
1305 2973 1365 3041 35.

98 3096 196 3169 Unus
221 3104 295 3166 erat
328 3097 442 3167 tribus
466 3095 500 3164 in
526 3101 662 3164 secreta
683 3094 831 3164 lectulus
855 3093 976 3164 herba.
996 3094 1043 3164 ib.
1066 3098 1101 3184 9,
1132 3098 1189 3165 10.
1210 3094 1280 3165 Per
1299 3095 1368 3166 tria

102 3221 254 3310 partitos
274 3219 334 3308 qui
353 3219 459 3290 dabat
479 3239 541 3289 ora
560 3212 668 3289 focos.
689 3218 735 3288 ib.
761 3221 819 3289 15.
842 3218 1015 3290 Maenalio
1035 3218 1143 3290 iacuit
1161 3218 1282 3306 pulsus
1301 3219 1370 3290 tria

99 3354 257 3436 tempora
282 3365 379 3415 ramo
406 3342 533 3430 (lacus3
555 3384 604 3395 —·
624 3342 670 3414 ib.
700 3346 759 3431 10,
785 3347 820 3414 2.
846 3346 1019 3433 Armaque
1042 3343 1084 3414 de
1109 3342 1253 3414 ducibus
1276 3342 1369 3413 trina

100 3476 241 3560 recepta
262 3469 389 3555 tribus;
402 3468 509 3538 —ib.
531 3470 592 3538 45.
613 3466 713 3538 Nunc
733 3467 843 3556 spolia
861 3468 897 3537 in
917 3467 1047 3557 templo
1065 3470 1136 3539 tria
1155 3467 1304 3539 condita.
1317 3509 1369 3520 —

101 3595 192 3665 Huic
212 3595 291 3665 usui
309 3593 476 3664 finitimos
496 3601 550 3662 est
574 3592 671 3681 alter,
696 3613 774 3663 curn
798 3613 920 3662 rursus
943 3592 1082 3680 proprie
1106 3593 1233 3664 dicitur
1252 3600 1368 3664 terna-

102 3719 174 3788 rius
201 3740 381 3799 numerus,
403 3717 464 3789 sed
491 3726 676 3808 propterea
709 3718 799 3808 qnod
828 3737 926 3788 sacer
955 3721 1009 3787 est
1039 3737 1204 3788 numerus
1222 3717 1258 3786 in
1285 3716 1368 3787 reli·

102 3841 275 3931 gionibns:

171 3966 245 4057 ΙΠ,
270 3969 328 4055 10,
349 3972 383 4037 4.
404 3966 452 4037 Ε1
470 3965 628 4036 manibus
649 3964 780 4037 faustos
798 3970 854 4037 ter
873 3987 1039 4055 crepuere
1058 3985 1173 4036 sonos.

180 4092 243 4182 IV,
271 4095 309 4180 6,
336 4094 395 4162 30.
420 4112 506 4162 nora
529 4089 666 4162 damma
692 4091 888 4181 (Apollinis)
915 4089 1024 4161 Luxit
1048 4091 1083 4160 in
1112 4090 1282 4181 obliquam
1316 4098 1370 4164 ter

103 4219 239 4290 sinuata
256 4215 377 4288 facem.

182 4342 234 4414 Ib.
257 4345 292 4431 8,
314 4343 375 4412 86.
397 4341 535 4428 Terque
552 4360 667 4411 meum
686 4339 802 4428 tetigit
821 4337 960 4410 sulfuris
979 4339 1059 4429 igne
1079 4348 1191 4429 caput.

101 4470 141 4540 ln
162 4489 263 4558 quem
282 4486 463 4538 numerum
482 4465 660 4536 retulerim
681 4464 782 4535 etiam
802 4465 865 4555 ΙΙΙ,
886 4469 918 4553 1,
946 4466 1006 4536 28.
1025 4464 1179 4536 Hectora
1197 4486 1259 4556 per
1278 4484 1368 4536 cam-

104 4614 167 4684 pos
186 4599 240 4665 ter
263 4594 453 4665 maculasse
477 4597 572 4663 rotas
591 4632 641 4644 —-
656 4591 686 4663 si
704 4591 842 4681 quidem
861 4611 903 4662 11
921 4611 960 4661 11
982 4594 1156 4683 tamqnam
1180 4589 1370 4681 parentalia
