3166 5146
609 273 817 340 „65-

84 485 213 555 ticulae
248 484 393 573 qnippe
421 479 508 551 salso
536 481 667 552 delinit.
696 482 768 552 lam
797 502 858 550 our
885 481 1013 551 herbas
1041 479 1084 551 ad
1112 477 1238 550 fossam
1270 482 1348 553 lena

87 617 235 695 moneat,
259 608 292 678 id
318 606 456 697 quidem
482 626 569 694 quae
594 612 648 675 est
680 605 872 676 obscuritas
900 606 953 675 rei
980 607 1133 692 magicae
1163 611 1257 675 certe
1281 605 1348 703 dici

84 753 151 800 uon
169 738 294 820 potest.
315 731 367 800 Ac
388 736 621 800 memorantur
650 730 786 817 quidem
816 729 956 798 scrobes
979 729 1107 799 idcirco
1132 727 1291 817 effossae,
1311 736 1350 801 ut

90 859 228 944 sanguis
255 855 502 941 infunderetur,
528 862 568 923 ut
589 855 655 924 iam
681 854 771 942 apud
795 853 983 923 Homerum
1005 852 1084 942 (Od.
1109 852 1185 940 XL,
1208 856 1267 923 35.
1290 853 1351 941 ss.)
1418 920 1421 925 .

91 979 206 1050 Ulixes
226 1001 302 1049 cum
322 979 441 1049 Manes
460 985 514 1048 est
533 979 745 1047 excitaturus
771 979 971 1065 sanguinem
995 978 1031 1045 in
1054 977 1180 1047 fossam
1201 977 1350 1048 infundit
1436 1054 1440 1061 ,

88 1112 125 1173 et
147 1105 237 1192 apud
257 1102 415 1174 Ovidium
441 1103 596 1191 (Metam.
618 1102 696 1189 VII,
720 1102 809 1190 245)
831 1102 956 1172 Medea
979 1123 1056 1171 cum
1080 1103 1208 1171 Aesoni
1232 1104 1349 1172 iuven-

90 1233 199 1297 tutem
231 1236 331 1316 parat
358 1226 516 1315 reddere,
539 1225 740 1313 -patulas
768 1225 943 1314 perfundit
971 1226 1136 1313 sanguine
1163 1224 1286 1311 fossas,
1316 1232 1351 1297 et

87 1352 178 1439 apud
206 1351 386 1422 Horatium
412 1351 493 1440 (Sat.
519 1349 546 1438 I,
576 1352 610 1436 8,
636 1350 712 1436 28.)
742 1349 885 1420 Canidia
914 1355 949 1420 et
968 1349 1103 1437 Sagana
1130 1370 1287 1418 cruorem
1315 1351 1351 1419 in

89 1473 214 1544 fossam
235 1474 458 1561 confundunt,
479 1483 518 1542 ut
537 1473 616 1542 inde
636 1473 758 1543 Manes
778 1474 936 1543 eliciant:
963 1472 1023 1541 sed
1043 1480 1158 1542 tamen
1176 1494 1237 1542 nec
1258 1473 1351 1543 solus

89 1619 224 1688 semper
244 1601 382 1688 sanguis
405 1600 441 1667 in
465 1596 604 1666 scrobes
628 1597 817 1667 instillatur
844 1617 954 1684 neque
974 1616 1091 1665 earum
1115 1596 1171 1666 hic
1190 1618 1279 1666 unus
1299 1603 1353 1668 cst

88 1745 182 1793 usus.
208 1724 295 1792 Nam
321 1723 439 1794 Ulixes
464 1743 504 1791 eo
529 1743 630 1811 quern
658 1721 836 1792 attulimus
858 1720 944 1808 loco,
976 1722 1178 1810 priusquam
1205 1742 1241 1791 se
1271 1740 1353 1790 oves

94 1853 214 1916 narrat
232 1852 412 1935 mactasse,

225 2050 310 2150 ἀμφ’
330 2048 421 2148 αὐτῷ
440 2055 487 2146 δὲ,
507 2059 628 2147 inquit,
649 2052 726 2146 χσήν
744 2049 865 2147 χεόμην
883 2053 986 2126 πᾶσιν
1004 2051 1188 2145 νεκύεσσιν,

222 2193 337 2290 πρῶτα
357 2189 555 2290 μελικρήτῳ,
575 2190 757 2287 μετέπειτα
775 2195 810 2266 δὲ
828 2191 901 2286 ἡδέϊ
915 2196 998 2289 οἴνῳ,

221 2335 259 2408 τὸ
278 2339 384 2432 τρίτον
402 2319 474 2408 udb'
497 2331 595 2408 ddunt
608 2395 615 2409 .
627 2333 684 2407 ἐπὶ
704 2330 864 2430 δ’ἅλφιτα
880 2330 990 2406 λευκοὶ
1008 2330 1172 2425 adhucne,

91 2553 218 2624 Medea
239 2553 406 2626 Ouidiana
424 2552 587 2640 sanguine
606 2550 732 2621 effuso:

224 2752 308 2822 Turn
330 2772 432 2839 super
451 2744 633 2840 invergens
653 2749 774 2839 liquidi
799 2749 975 2819 carchesia
995 2748 1124 2820 Bacchi

222 2875 406 2964 Aeneaque
424 2876 605 2963 invergens
624 2874 731 2962 tepidi
751 2874 927 2944 carchesia
944 2874 1046 2944 lactis

224 2999 341 3069 Verba
359 2998 460 3069 simul
478 2998 600 3067 fundit.

94 3210 141 3279 At
152 3207 350 3296 Vergiliana
360 3206 509 3276 venefica
519 3206 711 3298 (Eclvlll,
720 3209 780 3277 90.
789 3207 831 3295 s.)
842 3226 918 3276 cum
932 3205 1122 3295 daphnidis
1132 3208 1278 3297 pignora
1287 3217 1355 3283 ter·

94 3355 153 3405 rae
163 3333 312 3420 mandat,
324 3330 414 3400 haud
425 3330 528 3400 dubie
539 3331 581 3401 ab
592 3331 626 3401 id
638 3332 750 3419 ipsum
761 3334 914 3402 scrobem
925 3331 1055 3419 effodit,
1071 3332 1107 3401 in
1121 3334 1229 3404 satira
1241 3335 1353 3407 Hora·

93 3459 189 3529 tiana
208 3458 287 3539 (vss.
307 3460 368 3525 42.
386 3459 427 3540 s.)
446 3474 566 3542 magae
585 3456 656 3542 lupi
675 3454 818 3525 barbam
837 3455 953 3525 variae
975 3476 1052 3524 cum
1072 3455 1172 3527 dente
1193 3458 1354 3532 colubrae

93 3580 213 3652 furtim
232 3580 336 3649 terris
354 3579 501 3659 abdunt;
522 3578 614 3666 apud
632 3579 778 3648 eundem
798 3578 982 3648 Horatium
1001 3579 1123 3669 (Epod.
1144 3580 1189 3668 V,
1212 3585 1272 3652 29.
1293 3584 1355 3673 ss.)

95 3704 184 3774 Veia
210 3705 348 3773 humum
377 3701 546 3788 exhaurit,
577 3709 616 3803 nt
638 3703 749 3790 possit
776 3702 927 3772 infossus
950 3723 1037 3792 puer
1064 3703 1177 3773 inedia
1204 3708 1354 3779 enecari.

96 3828 184 3917 Quid
202 3828 309 3916 igitur
328 3837 391 3907 est,
412 3848 476 3898 cur
495 3847 561 3895 non
584 3824 711 3894 herbae
737 3847 872 3915 quoque
896 3827 930 3896 in
954 3825 1076 3896 scrobe
1101 3827 1304 3918 condantur,
1326 3831 1356 3900 si

96 3952 182 4022 illud
205 3953 376 4021 moverit
402 3951 449 4020 ad
477 3950 627 4020 fossam
653 3948 769 4019 eadem
790 3951 822 4019 vi
847 3971 914 4038 qua
937 3948 1149 4020 abdiderit
1177 3950 1215 4019 in
1244 3951 1356 4026 fossa

84 4075 272 4164 accipias?
301 4079 365 4161 At,
400 4075 429 4143 si
455 4095 573 4144 verum
603 4073 819 4162 quaerimus,
848 4062 1019 4142 dollooare
1047 4072 1173 4144 herbas
1201 4075 1237 4145 in
1264 4075 1356 4150 fossa

97 4199 264 4271 Acanthis
283 4218 448 4286 nusquam
468 4197 605 4286 dicitur,
622 4196 684 4266 sed
703 4217 838 4266 movere
857 4198 880 4267 i.
897 4217 1079 4268 aversare
1097 4198 1140 4269 ad
1160 4197 1269 4271 fossas
1283 4202 1305 4273 i.
1322 4224 1352 4272 e.

96 4324 188 4413 apud
212 4321 339 4408 fossas3
371 4322 419 4392 sic
448 4329 560 4390 autern
589 4321 673 4390 nihil
699 4319 910 4408 significatur
937 4322 1003 4391 nisi
1026 4321 1112 4392 hoc:
1142 4324 1192 4393 uti
1222 4346 1296 4395 eam
1320 4332 1356 4394 et

96 4448 278 4518 herbis.et
305 4443 418 4533 fossis,
453 4465 596 4533 quarum
625 4445 770 4514 duarum
796 4467 912 4516 rerum
941 4447 974 4514 in
1003 4444 1176 4516 veneficiis
1204 4449 1354 4517 omnium

98 4571 328 4642 creberrimus
360 4576 414 4661 est
444 4589 539 4639 usus.
573 4568 687 4640 Paene
717 4590 798 4639 vero
835 4570 1016 4640 ridiculum
1049 4578 1103 4641 est
1135 4571 1169 4640 in
1202 4573 1354 4642 stantia

1145 4707 1161 4755 a
