3166 5146
606 261 816 329 ..ὃμ-

72 465 228 556 fingitur,
249 468 284 536 iu
305 487 372 556 quo
398 467 458 556 qui
482 468 648 556 originem
673 468 768 539 aedis
786 467 966 538 Palatinae
990 468 1177 557 explicavit
1201 470 1353 541 canendo

72 587 187 661 fessus
216 589 318 678 genio
346 588 535 679 indulgeat,
566 594 738 679 potusque
771 590 933 661 convivas
962 589 1006 661 ad
1038 590 1213 681 Principis
1240 593 1354 663 varias

72 713 194 786 laudes
213 713 441 784 celebrandas
464 713 643 804 impellat:
673 713 750 802 quis
769 735 836 784 nou
856 713 890 783 iu
910 735 951 784 eo
971 735 1137 785 summam
1155 719 1278 803 poetae
1297 736 1353 784 ar·

73 846 146 909 tem
180 843 344 928 agnoscat
372 837 629 926 simplicitatem
657 839 869 909 narrationis
897 838 1093 928 argumenti
1121 859 1161 908 ac
1190 859 1354 910 sensuum

76 962 248 1032 varietate
267 962 498 1034 adornantis?

155 1083 242 1156 Cum
268 1086 359 1156 enim
383 1093 464 1176 post
488 1088 721 1156 narrationem
741 1087 907 1157 Actiacae
927 1087 1097 1157 victoriae
1117 1085 1287 1157 sacrificio
1306 1086 1353 1155 si-

75 1208 207 1279 mulato
232 1216 477 1298 praeparatam
502 1217 646 1299 repente
671 1231 707 1280 se
731 1218 896 1299 tanquam
916 1211 951 1279 in
971 1186 1166 1281 convivium
1185 1208 1356 1280 transfert

73 1330 178 1420 idque
207 1333 305 1419 quasi
327 1333 496 1422 magister
520 1333 657 1421 quidam
685 1332 827 1403 bibendi
850 1334 943 1420 regit
971 1339 1008 1402 et
1031 1333 1234 1403 moderatur
1257 1337 1293 1402 et
1315 1336 1356 1401 ut

76 1455 328 1545 Eryximachus
356 1456 449 1546 apud
472 1456 652 1528 Platonem
677 1458 843 1527 Amorem
871 1458 923 1527 ita
946 1456 1145 1545 Augustum
1172 1461 1212 1525 ut
1234 1453 1355 1525 ordine

75 1598 195 1649 omues
216 1578 416 1650 collaudent
435 1579 626 1670 coustituit,
647 1580 835 1669 legentium
855 1581 988 1650 animos
1008 1580 1176 1668 religione
1195 1584 1232 1649 et
1245 1582 1357 1649 atten-

73 1703 169 1772 tione
189 1702 340 1773 imbutos
360 1703 404 1773 ad
419 1704 687 1774 admirationem
699 1704 819 1793 erigit,
837 1723 898 1792 spe
910 1701 1102 1793 coufirmat,
1118 1701 1356 1792 indignatione

72 1831 272 1913 permovet,
296 1825 432 1895 laetitia
455 1831 626 1916 grataque
650 1826 824 1915 Apollinis
848 1825 1091 1898 recordatione
1113 1825 1253 1914 implet,
1277 1843 1357 1894 mox

76 1948 206 2018 elatam
224 1968 462 2037 summamque
481 1948 651 2020 laetitiam
670 1949 716 2019 ad
734 1951 949 2020 convivalem
969 1949 1182 2020 hilaritatem
1197 1946 1355 2038 inflectit,

76 2075 116 2139 ιιι
137 2089 248 2156 paene
272 2069 392 2140 eadem
418 2066 600 2143 affectuum
626 2073 735 2143 series
756 2079 989 2161 percurratur
1007 2079 1111 2162 atque
1130 2073 1167 2142 in
1184 2071 1244 2142 illo
1266 2070 1356 2142 cele·

77 2189 228 2262 berrimo
255 2193 394 2263 Horatii
423 2195 575 2265 carmine
602 2195 632 2283 I,
656 2199 716 2266 37.
739 2194 857 2287 (Nunc
876 2201 930 2266 est
948 2194 1140 2266 bibendum
1159 2195 1269 2283 cett),
1289 2194 1358 2264 nisi

76 2312 169 2402 quod
186 2314 393 2404 Propertius
412 2317 754 2389 commiserationem
773 2339 847 2388 eam
869 2319 1016 2407 omittit,
1047 2339 1116 2406 qua
1138 2317 1197 2386 ille
1216 2335 1358 2397 carmen

76 2439 219 2525 egregie
239 2437 428 2529 concludit,
450 2439 677 2528 ordinemque
696 2440 908 2511 contrarium
926 2439 1084 2528 adhibet,
1110 2460 1190 2509 cum
1209 2438 1360 2509 convivii

75 2560 291 2631 hilaritatem
319 2566 493 2652 extremo,
524 2583 591 2632 non
620 2563 733 2652 primo
753 2562 830 2634 loco
850 2563 1027 2652 exprimit.
1066 2561 1157 2651 Quid
1176 2563 1285 2653 igitur
1304 2567 1359 2634 est

76 2704 139 2755 cur
159 2704 247 2773 quae
272 2685 308 2753 in
331 2705 399 2755 uno
419 2686 571 2765 carmine
593 2706 728 2757 summa
746 2687 871 2758 merito
891 2688 1108 2775 praestantia
1125 2687 1358 2776 existimatur,

76 2807 113 2876 in
141 2807 253 2878 altero
282 2812 415 2878 tantam
442 2809 478 2879 in
497 2810 803 2899 reprehensionem
823 2811 997 2901 incurrat,
1027 2816 1067 2880 ut
1085 2816 1199 2881 totum
1218 2830 1358 2881 carmen

77 2930 345 3021 discerpendum
364 2932 547 3004 videatur?
562 2973 614 2986 —-
628 2933 751 3022 Neque
771 2936 865 3003 enim
882 2933 1075 3003 verendum
1096 2939 1151 3003 est
1172 2953 1216 3003 ue
1240 2937 1358 3004 extre·

77 3076 154 3125 mus
181 3055 280 3126 locus
309 3076 330 3124 a
354 3057 536 3143 superiore
560 3056 713 3124 carmine
734 3054 914 3124 dissideat.
953 3053 1045 3140 Quid
1064 3056 1153 3124 enim
1172 3051 1358 3124 narratur?

77 3177 253 3250 Definitur
280 3198 348 3267 quo
382 3162 511 3247 classes
539 3177 767 3248 convenerint
794 3178 857 3266 (15
879 3216 929 3226 -
952 3179 1016 3263 20)
1043 3182 1079 3246 et
1112 3196 1202 3265 quae
1231 3177 1359 3247 classes

80 3302 287 3390 (al—24),
307 3280 521 3370 describitur
540 3286 713 3389 q'uomodo
733 3299 825 3371 acies
845 3301 1040 3372 instructae
1061 3301 1132 3371 siut
1151 3300 1357 3389 (aa-26),

79 3425 258 3496 inducitur
277 3423 402 3514 Apollo
422 3423 566 3513 eiusque
586 3426 712 3515 oratio,
733 3446 801 3513 qua
819 3431 858 3495 ιιι
877 3425 1069 3513 imperator
1087 3429 1170 3495 aute
1188 3413 1359 3513 proelium

81 3548 208 3619 milites
233 3549 282 3620 ita
302 3548 498 3636 Augustum
521 3549 668 3618 victoria
685 3548 920 3636 promittenda
939 3546 1121 3618 confirmat
1139 3549 1360 3636 animumque

82 3673 156 3742 eius
176 3672 291 3760 erigit,
311 3668 492 3760 profertur
510 3671 680 3759 proelium
699 3672 930 3759 commissum,
948 3671 1069 3741 hostes
1088 3669 1238 3760 fugatos,
1260 3670 1361 3741 Cleo·

80 3801 217 3882 patram
236 3793 369 3882 fugisse
388 3795 568 3883 ipsamque
589 3793 656 3864 sibi
674 3802 823 3865 mortem
843 3794 1050 3866 conscivisse
1070 3797 1250 3863 narratur:
1277 3793 1362 3882 quid

83 3918 222 3988 tandem
246 3917 282 3986 id
306 3924 358 3987 est
377 3917 445 3987 nisi
467 3916 619 3988 bellum
643 3917 699 3987 vel
721 3922 761 3988 ut
783 3922 905 4008 poetae
926 3937 1030 4007 saepe
1049 3917 1222 4006 pluralem
1242 3917 1363 3989 dicunt

82 4041 193 4112 bella
218 4061 360 4130 canere,
385 4040 415 4110 si
433 4061 500 4110 non
521 4046 560 4111 ut
580 4041 671 4130 epici
691 4046 861 4112 attamen
880 4041 931 4110 ita
950 4046 990 4110 ut
1007 4041 1110 4131 lyrici
1127 4047 1252 4129 poetae
1271 4041 1364 4115 bella

85 4164 234 4235 canunt?
254 4163 370 4253 Atque
391 4185 433 4235 ea
452 4164 591 4253 quidem
612 4166 726 4236 omnia
746 4186 786 4234 eo
801 4164 945 4235 consilio
961 4171 1159 4259 narrantur,
1180 4172 1219 4236 ut
1238 4187 1302 4237 cur
1317 4169 1362 4239 sit

85 4288 238 4377 Apollini
258 4287 419 4358 Palatina
447 4291 551 4361 aedes
571 4290 732 4362 dedicata
752 4290 973 4381 ostendatur,
1003 4291 1063 4362 sed
1082 4297 1199 4361 tamen
1217 4291 1274 4362 hic
1294 4312 1363 4362 non

86 4412 269 4499 quaeritur
293 4433 360 4501 quo
386 4392 533 4495 consilio¹
550 4413 612 4486 sed
632 4413 715 4505 quid
735 4422 911 4488 narretur.
950 4415 1111 4504 Quodne
1130 4415 1363 4487 concedamus

87 4554 163 4604 cum
181 4535 436 4609 Luettiohanue
456 4538 590 4627 epicum
611 4539 783 4629 quoddam
801 4561 924 4630 poema
943 4540 1156 4630 excogitare,
1177 4539 1364 4630 quodPro·

1134 4675 1152 4729 6
