3166 5146
684 218 955 305 -2'5-.

152 446 269 536 gnari,
290 446 332 518 de
351 445 478 535 quibus
496 454 548 518 est
566 446 629 534 ΙΙΙ,
654 450 712 538 12,
732 466 843 536 neque
863 446 1076 537 argumentis
1095 447 1177 520 ullis
1197 447 1422 521 demonstrari

153 576 272 661 potest
294 590 357 642 nec
382 571 412 641 si
431 576 549 660 posset
567 575 659 643 esset
677 570 884 643 documento
903 572 1057 643 auctoris
1076 571 1196 662 alieni,
1227 571 1256 642 si
1285 573 1422 662 quidem

152 693 239 764 nihil
266 694 429 784 prohibet
455 694 592 765 eosdem
615 702 689 766 tum
709 695 800 765 veris
820 702 895 766 tum
913 694 1005 768 lictis
1023 694 1217 768 nominibus
1236 696 1422 787 appellare.

154 815 249 907 Quae
268 828 383 890 antem
402 816 518 891 Ovidii
545 819 639 891 dicat
666 819 811 909 vestigia
834 826 975 910 praeter
995 840 1070 892 eam
1090 841 1178 912 quae
1197 841 1304 893 causa
1322 820 1424 891 simili

154 942 353 1015 continetur
381 943 637 1015 similitudinem
665 964 727 1016 uec
757 941 935 1016 Garuttius
964 945 1048 1016 dicit
1075 965 1186 1035 neque
1209 946 1298 1017 alius
1322 944 1424 1016 facile

154 1063 297 1136 dixerit.

235 1188 382 1277 Reliqua
409 1174 463 1260 est
488 1189 620 1280 primae
649 1190 780 1278 elegiae
808 1190 1040 1280 pensabam,
1069 1210 1172 1281 quam
1200 1188 1376 1262 Caruttius
1404 1212 1424 1262 a

154 1310 339 1403 Propertio
358 1312 547 1403 abiudicat,
568 1314 648 1404 quia
667 1321 702 1385 et
721 1320 927 1403 repetantur
946 1314 1114 1404 quaedam
1128 1335 1170 1385 ex
1184 1314 1422 1405 aliisProper-
1541 1320 1546 1328 '

152 1436 257 1507 tionis
276 1434 519 1526 Ovidiamsque
533 1436 742 1509 carminibus
757 1444 793 1510 et
806 1438 969 1511 nonnulla
989 1458 1067 1511 cum
1085 1438 1130 1510 iis
1149 1444 1314 1530 pugnent,
1335 1459 1423 1527 quae

153 1561 211 1633 ille
231 1561 314 1634 alibi
332 1570 513 1634 memoret.
535 1561 583 1634 Ut
602 1561 691 1631 enim
711 1562 767 1633 hic
788 1562 939 1635 dicotur:

261 1738 406 1810 Aversis
427 1737 589 1808 Charisia
608 1748 738 1827 cantus,
759 1758 903 1810 aversus
922 1739 1058 1828 Apollo:
1076 1779 1123 1793 -

314 1860 435 1932 Poscis
454 1861 497 1933 ab
516 1861 623 1933 iuvita
641 1862 748 1932 verba
766 1861 916 1952 pigenda
933 1862 1010 1953 lyra
1024 1885 1088 1951 —;

155 2038 208 2109 ita
227 2037 450 2128 Propertium
469 2037 533 2128 ΙΙΙ,
556 2039 591 2127 3,
613 2010 673 2128 17,
695 2041 756 2109 22.
777 2038 921 2110 dixisse:

262 2212 340 2284 Non
358 2213 414 2283 hic
436 2213 505 2284 ulla
524 2213 589 2284 tibi
608 2215 777 2304 speranda
796 2212 969 2306 estisne,
990 2215 1152 2307 Properti
1166 2257 1210 2268 -

313 2377 365 2388 -
383 2336 462 2408 Non
482 2345 536 2408 est
554 2338 685 2427 ingenii
703 2339 824 2429 cymba
843 2341 1017 2429 gravanda
1037 2340 1087 2410 tui
1099 2380 1151 2391 -

157 2464 195 2533 at
213 2458 373 2532 Ovidium
391 2461 500 2551 (Fast.
521 2461 579 2550 Vl:
600 2462 742 2532 Aversis
761 2463 893 2532 utinam
911 2462 1104 2552 tetigissem
1124 2462 1262 2532 nomina
1280 2461 1405 2550 Musis3

110 2603 114 2610 ’
157 2642 196 2710 ut
213 2636 320 2727 Prop.
341 2636 370 2727 I,
393 2641 454 2709 22.
475 2643 563 2708 extr.
585 2637 715 2709 dictum
735 2639 797 2710 sit:

254 2813 426 2885 Proxima
442 2815 620 2904 supposito
640 2815 844 2904 contingens
862 2813 1008 2888 Umbria
1028 2836 1148 2906 campo

315 2938 373 3009 Me
392 2939 529 3028 genuit,
548 2939 655 3010 terris
673 2936 800 3009 fertilis
820 2937 1046 3011 uberibus-—

155 3063 207 3133 ita
221 3062 294 3134 hic:
314 3060 459 3134 Umbria
477 3069 511 3133 te
530 3063 620 3132 notis
639 3063 783 3150 antiqua
800 3061 988 3132 Penatibus
1007 3062 1093 3151 edit,

317 3184 490 3256 Mentior?
509 3205 553 3255 au
573 3185 707 3274 patriae
726 3185 883 3274 tangitur
901 3206 962 3257 ora
980 3191 1132 3274 tuae—3

155 3385 308 3473 itemque
327 3384 402 3455 illa:
425 3382 636 3456 scandentes
655 3385 685 3456 si
704 3385 780 3476 quis
800 3391 919 3456 cernat
938 3384 980 3455 de
998 3383 1145 3457 vallibus
1164 3404 1273 3473 arces,

219 3507 361 3598 Ingenio
381 3527 500 3578 muros
519 3509 679 3579 aestimet
696 3510 756 3580 ille
775 3530 851 3581 meo
865 3547 911 3560 -

158 3699 260 3771 nimis
278 3721 352 3772 esse
371 3702 495 3774 similia
514 3700 693 3774 Ovidiauis
711 3703 882 3775 versibus:

266 3877 380 3965 Atque
397 3881 522 3970 aliquis
541 3887 698 3971 spectans
716 3878 842 3968 hospes
860 3877 1033 3950 Sulmonis
1052 3877 1175 3969 aquosi

317 4000 465 4093 Moenia,
486 4025 552 4093 qua
572 4004 684 4094 campi
702 4003 824 4093 iugera
841 4023 952 4095 pauca
970 4011 1106 4090 tenent,

265 4124 362 4213 Quae
381 4134 528 4218 tantum,
549 4127 657 4218 dicet,
678 4127 840 4219 potuistis
858 4128 952 4197 ferre
970 4131 1124 4216 poetam,

318 4250 627 4342 Quantulacumque
647 4253 747 4342 estis,
768 4271 828 4323 vos
847 4272 909 4342 ego
929 4270 1054 4341 magna
1072 4269 1168 4322 voco.

159 4410 228 4484 Sed
264 4411 306 4483 ad
344 4411 602 4484 similitudinem
638 4414 733 4485 illam
760 4413 851 4483 idem
878 4412 986 4504 valet,
1016 4410 1106 4501 quod
1129 4430 1236 4501 supra
1265 4410 1423 4497 diximus3

159 4536 251 4629 quod
269 4543 385 4610 autem
403 4537 552 4628 patriam
572 4559 668 4610 suam
687 4536 891 4628 Propertius
905 4535 960 4608 bis
975 4535 1136 4609 similiter
1148 4536 1291 4625 iudicat,
1307 4534 1341 4606 id
1354 4552 1423 4605 nou
