3166 5146
685 243 897 310 ,90⁹-

153 452 276 524 haeret
301 451 346 522 ad
373 452 486 540 ipsam
513 456 629 522 tamen
659 451 910 540 oppositionem
939 471 1007 523 non
1035 451 1203 541 pertiuet;
1238 457 1430 525 extremum

154 577 246 646 enim
271 575 513 645 hexametrum
542 595 621 646 cum
640 574 875 662 Hertzbergio
905 574 953 645 sio
981 576 1189 664 accipimus,
1218 581 1258 648 ut
1278 575 1432 666 Cynthia

154 699 236 769 deos
258 699 484 769 iurisiurandi
507 718 583 769 esse
607 699 762 769 vindices
785 696 874 768 falso
898 703 1022 787 putare
1047 699 1189 789 ipsaque
1213 720 1250 770 se
1269 701 1431 772 inanibus

153 823 318 892 amatoris
338 821 620 892 excusationibus
640 820 759 892 fallere
779 822 926 892 dicatur.
964 821 1054 892 Item
1075 822 1121 910 ΙΙ,
1149 825 1184 912 9,
1209 826 1267 893 10.
1290 844 1369 895 cum
1387 825 1430 895 il·

154 944 215 1015 lud
233 945 376 1015 dicitur:
643 950 646 955 ’

260 1157 309 1227 At
327 1161 366 1227 tu
386 1177 453 1226 non
472 1176 541 1225 una
559 1155 705 1243 potuisti
725 1164 825 1227 nocte
844 1177 968 1227 vacare
991 1196 1038 1207 —

154 1367 306 1456 Cynthia
325 1367 510 1456 opponitur
530 1366 696 1453 Briseidi‚
711 1366 788 1436 sed
812 1388 853 1437 ea
872 1375 1064 1439 memorata
1082 1369 1180 1456 prius
1200 1389 1300 1457 quam
1322 1389 1429 1459 oppo-

153 1492 234 1562 sitio
254 1489 404 1561 infertur
421 1490 486 1560 boe
508 1490 681 1560 distichon
700 1490 947 1580 interpositum
969 1497 1037 1562 est:

261 1685 358 1755 Tunc
377 1684 486 1772 igitur
505 1683 599 1753 veris
619 1683 793 1770 gaudebat
813 1683 960 1756 Graecia
978 1686 1083 1774 natis,

313 1808 410 1877 Tunc
430 1806 534 1877 etiam
554 1805 638 1876 felix
655 1808 749 1877 inter
767 1813 803 1877 et
821 1828 919 1880 arma
936 1808 1059 1898 pudor.
1073 1849 1123 1860 -

152 2019 240 2089 Item
259 2017 324 2107 IV,
348 2009 381 2107 δ’,
406 2021 465 2087 29.
496 2018 676 2088 Arethusa
700 2039 798 2088 suam
813 1985 929 2090 'vitam
953 2019 1044 2091 vitae
1064 2021 1217 2110 Lycotae
1236 2021 1287 2090 ita
1306 2041 1349 2093 ex
1370 2019 1430 2090 ad-

153 2162 254 2212 verso
274 2142 386 2230 ponit:

259 2266 308 2335 At
326 2265 409 2335 mihi
435 2287 511 2336 eum
532 2273 653 2336 noctes
672 2265 809 2336 induxit
828 2263 964 2352 Vesper
982 2285 1117 2334 amaras
1140 2304 1186 2315 —

153 2483 193 2546 ut
211 2477 309 2566 prius
330 2476 467 2566 aperiat
487 2436 578 2547 unde
597 2478 666 2546 viri
685 2477 829 2546 maciem
851 2478 960 2545 ortam
981 2474 1075 2543 velit.
1116 2474 1163 2543 At
1181 2474 1246 2561 III,
1271 2477 1331 2562 15,
1354 2478 1429 2564 42„

152 2599 212 2668 ubi
232 2621 318 2687 quae
338 2621 358 2669 a
376 2598 528 2688 Cynthia
542 2599 700 2687 poscitur
718 2598 1034 2668 clementiaDirces
1050 2597 1215 2667 saevitiae
1231 2598 1429 2687 opponitur,

152 2722 246 2790 inter
260 2721 362 2790 huius
378 2720 647 2807 descriptionem
662 2720 828 2809 illamque
844 2720 1112 2809 postulationem
1127 2719 1247 2789 multis
1263 2721 1367 2790 etiam
1377 2721 1425 2790 di·

154 2844 276 2913 stichis
297 2863 382 2931 quas
397 2842 457 2912 illa
473 2840 611 2911 dederit
623 2861 751 2929 poenas
772 2843 969 2930 exponitur.
994 2881 1041 2893 -
1063 2842 1161 2912 Nihil
1177 2843 1287 2931 igitur
1302 2848 1356 2913 est
1371 2863 1430 2915 cur

153 2967 189 3035 in
217 2971 257 3036 at
285 2966 534 3055 oppositionem
557 2964 809 3035 desideremus.
850 2963 920 3035 Sed
939 2984 1006 3033 non
1028 2965 1138 3034 minus
1158 2971 1254 3036 errat
1272 2967 1431 3036 Luettio-

152 3088 285 3160 bannes
305 3110 382 3160 cum
402 3111 471 3160 vss.
491 3091 659 3161 35-38.
681 3090 759 3160 ideo
778 3090 856 3160 loco
876 3095 1003 3175 movet,
1025 3065 1115 3176 quod
1132 3110 1219 3179 quae
1234 3091 1433 3162 contineant

153 3215 316 3285 mandata
335 3235 414 3284 cum
433 3215 560 3284 ceteris
579 3213 752 3283 mandatis
772 3210 1012 3300 coniungenda
1031 3214 1111 3283 sint.
1142 3211 1232 3306 Quid
1251 3213 1364 3283 enim?
1382 3215 1432 3283 in·

153 3336 209 3408 fra
238 3359 324 3427 quae
354 3338 429 3408 vult
455 3330 533 3405 fieri
566 3356 607 3405 ea
627 3335 780 3426 Cynthia
802 3336 871 3424 ipsi
889 3337 1073 3425 Propertio
1098 3345 1219 3425 aperte
1239 3339 1382 3408 mandat
1400 3342 1435 3408 et

155 3462 340 3532 committit
364 3466 470 3549 utque
495 3465 707 3548 exsequatur
726 3459 889 3548 impellit;
919 3460 999 3530 tibi
1024 3481 1127 3531 nunc
1150 3460 1342 3532 mandata
1366 3462 1433 3532 da-

125 3613 128 3618 ·
154 3605 257 3674 mus,
278 3584 403 3674 inquit,
424 3592 607 3672 autequam
627 3585 736 3654 tertia
754 3583 852 3653 verbi
871 3604 1021 3672 persona
1039 3584 1165 3653 utitur:

263 3799 284 3865 7
291 3799 324 3866 3.
345 3795 476 3866 Nutrix
495 3795 529 3863 in
548 3794 706 3864 tremulis
725 3813 768 3863 ne
787 3794 871 3882 quid
891 3795 1103 3866 desideret
1121 3794 1280 3864 annis-

263 3922 325 3991 76.
345 3960 397 3970 -
417 3919 469 3989 Ne
489 3918 663 4006 speculum
684 3918 841 3988 dominae
862 3919 1049 4007 porrigat
1066 3916 1126 3986 illa
1145 3938 1317 3988 novae.-

155 4133 192 4197 at
210 4134 289 4215 post
307 4129 371 4199 hos
390 4149 512 4198 versus
530 4128 756 4217 imperativos
775 4129 936 4199 adhibet:
956 4148 1031 4217 ure,
1043 4128 1175 4217 desine,
1187 4127 1289 4218 pelle,
1307 4127 1432 4216 scribe,

156 4271 361 4340 sperne—3
390 4252 543 4340 accedit,
572 4257 613 4322 ut
636 4273 723 4340 quae
744 4253 793 4322 ibi
812 4250 1036 4341 mandantur,
1066 4253 1244 4340 placatum
1263 4252 1379 4321 omnia
1397 4269 1435 4320 ac

17 4398 22 4407 ‘
157 4373 278 4445 dolore
306 4374 417 4463 magis
447 4383 482 4447 et
509 4369 642 4464 pietate
671 4396 775 4465 quam
803 4378 856 4445 ira
880 4382 1087 4447 commotum
1111 4376 1262 4445 animum
1282 4375 1435 4446 indicent

158 4503 262 4586 atque
290 4499 334 4569 ab
367 4499 601 4587 indignatione
629 4505 664 4571 et
697 4498 939 4589 obiurgatione
968 4499 1012 4570 ad
1040 4499 1371 4570 commiserationem
1401 4500 1436 4570 et
