3166 5146
717 238 924 306 ...36-

186 447 339 518 eiusdem
360 448 523 518 carminis
543 468 618 518 esse
639 459 824 536 nequeant.
846 447 941 535 Quae
961 455 1079 536 partes
1099 452 1216 517 utrum
1235 445 1353 517 eodem
1372 454 1462 516 tem-

186 592 272 660 pore
291 592 335 642 an
354 572 498 643 diversis
517 572 734 660 temporibus
754 572 908 660 scriptae
927 573 1008 660 siut,
1032 573 1068 644 id
1087 591 1198 660 neque
1218 571 1352 643 adrem
1372 571 1459 661 atti-

186 706 246 766 net
273 717 384 785 neque
413 696 492 767 ullis
525 696 719 766 rationibus
752 696 910 767 convinci
940 701 1070 785 potest.
1104 695 1201 766 Nihil
1235 695 1325 765 enim
1357 692 1463 766 affert

135 868 137 873 -
187 819 443 907 Hertzbergius
463 819 602 907 Quaest.
623 820 728 908 Prop.
746 842 779 909 p.
798 824 900 908 216,
921 841 1000 891 cum
1020 821 1068 891 ait
1087 820 1219 890 omnia
1237 820 1462 892 vaticinantis

186 943 287 1014 modo
308 944 401 1013 edita
421 964 539 1014 omnes
558 943 648 1012 sales
668 963 872 1032 omnemque
893 943 1095 1031 sanguinem
1113 941 1304 1030 perditura,
1320 941 1350 1010 si
1364 940 1463 1028 prin-

186 1069 313 1156 cipium
334 1069 495 1137 carminis
514 1076 592 1156 post
620 1066 755 1136 initium
780 1068 907 1137 amoris
931 1077 993 1137 aut
1014 1076 1096 1155 post
1118 1065 1221 1136 finem
1240 1065 1326 1136 adeo
1346 1065 1462 1153 scrip·

185 1205 259 1267 tum
280 1204 382 1268 esset.
408 1195 505 1285 Quod
529 1196 556 1264 si
581 1215 704 1265 verum
728 1207 830 1284 esset,
856 1195 899 1267 de
923 1195 1089 1265 similibus
1113 1193 1270 1263 omnibus
1294 1189 1460 1265 carmini-

185 1320 262 1407 bus,
283 1321 408 1409 quibus
426 1341 463 1391 se
482 1327 607 1409 poetae
630 1318 673 1388 ab
693 1338 763 1387 uuo
787 1317 830 1388 ad
850 1318 997 1390 alterum
1022 1322 1262 1406 argumentum
1281 1322 1460 1402 revocant,

186 1450 277 1516 esset
302 1445 498 1515 dicendum.
524 1445 673 1515 Tantum
697 1463 782 1517 vero
811 1442 923 1530 abest,
949 1449 988 1513 ut
1010 1443 1111 1512 nobis
1134 1461 1211 1511 cum
1235 1440 1461 1511 Lachmanno

186 1569 244 1658 (ad
267 1570 403 1638 initium
429 1570 531 1639 huius
555 1570 633 1640 libri
658 1572 694 1640 in
717 1572 792 1641 eius
815 1568 979 1655 editione)
1000 1569 1108 1656 magis
1132 1566 1221 1636 serio
1245 1587 1265 1634 a
1287 1564 1461 1653 principio

186 1694 240 1781 agi
261 1693 430 1779 videatur,
453 1714 553 1782 qnam
572 1702 611 1764 ut
629 1696 714 1766 haec
735 1715 810 1765 cum
830 1692 1090 1782 insequentibus
1105 1691 1148 1762 ab
1162 1691 1259 1760 initio
1274 1689 1462 1759 coniuncta

185 1816 325 1902 suerint,
347 1825 385 1887 ut
404 1819 438 1886 in
461 1838 502 1886 ea
520 1818 596 1904 ipsa
615 1840 653 1889 re
673 1840 844 1888 summum
863 1827 989 1906 poetae
1014 1815 1196 1887 artificium
1215 1834 1459 1904 agnoscamus.

185 1939 263 2012 Nisi
283 1939 371 2011 forte
391 1941 573 2011 Horatium
592 1943 697 2011 etiam
716 1943 751 2012 in
771 1943 881 2013 altero
906 1942 1012 2031 epodo
1036 1940 1079 2012 ad
1098 1940 1191 2011 vitae
1212 1939 1363 2008 rusticae
1383 1938 1462 2008 lau-

186 2063 372 2151 dat-ionem,
393 2084 461 2152 qua
479 2065 576 2135 nulla
600 2086 751 2155 uuquam
776 2066 988 2154 splendidior
1011 2071 1117 2154 utque
1141 2066 1192 2134 ita
1215 2064 1328 2134 dicam
1350 2066 1462 2154 magis

187 2189 280 2258 seria
298 2189 429 2275 scripta
447 2194 512 2277 est,
532 2187 735 2259 inferiorem
755 2211 843 2278 quae
863 2199 916 2260 est
936 2189 978 2261 de
997 2187 1086 2260 Alfio
1106 2197 1241 2276 partem
1260 2189 1461 2278 posteriore

186 2318 343 2401 tempore
366 2311 543 2383 addidisse
571 2314 760 2384 existimes.
805 2313 873 2385 Sed
904 2315 1053 2385 diversis
1084 2314 1297 2404 temporibus
1328 2332 1469 2402 nequa·

189 2457 291 2526 quam
315 2457 400 2525 opus
425 2442 488 2526 est,
518 2443 558 2508 ut
582 2459 689 2509 uuum
717 2459 791 2509 esse
820 2459 960 2511 carmen
989 2435 1206 2509 defendatur.
1241 2437 1337 2507 Haec
1368 2439 1462 2508 enim

187 2561 265 2650 ipsa
283 2558 394 2630 forma
413 2560 586 2648 carminis,
616 2570 654 2632 ut
673 2569 776 2651 poeta
794 2584 816 2632 a
833 2564 994 2651 graviore
1023 2583 1128 2633 causa
1155 2563 1200 2633 ad
1219 2563 1383 2632 leviorem
1404 2583 1464 2633 rc·

188 2692 345 2769 vocetur,
365 2685 450 2752 satis
466 2688 520 2752 cst
538 2682 713 2773 frequens.
734 2688 847 2776 Atque
867 2687 951 2756 alibi
971 2686 1123 2773 quidem,
1148 2686 1317 2774 quomodo
1345 2686 1379 2756 id
1408 2685 1462 2756 ia-

190 2813 283 2878 ctum
312 2807 369 2892 sit,
391 2815 566 2895 narratur,
586 2808 682 2878 velut
699 2808 902 2896 Propertius
921 2808 981 2892 ΙΙΙ,
1003 2814 1036 2879 2.
1057 2809 1254 2880 Ennianum
1277 2831 1314 2880 se
1337 2831 1465 2900 poema

188 2936 368 3021 expertum
388 2929 431 3000 ab
451 2930 624 3021 Apolline,
644 2931 791 3004 Ovidius
805 2935 883 3004 Am.
899 2934 927 3020 I,
948 2940 979 3004 1.
1006 2954 1026 3004 a
1045 2932 1218 3023 Cupidine
1237 2956 1273 3005 se
1292 2938 1334 3005 ab
1355 2937 1465 3006 armis

189 3054 359 3144 bellisque
378 3053 522 3126 edendis
548 3067 666 3128 narrat
690 3058 733 3128 ad
755 3059 962 3130 amatorium
986 3079 1125 3129 carmen
1148 3066 1342 3130 avocatum.
1365 3060 1463 3131 Alibi

188 3185 307 3251 autem
330 3199 397 3249 non
424 3188 591 3250 narratur
614 3201 682 3271 res,
713 3182 774 3252 sed
803 3183 933 3270 agitur,
963 3183 1129 3272 incipitur
1158 3184 1326 3255 celebrari
1356 3205 1465 3256 causa

188 3304 339 3393 gravior,
358 3303 422 3374 sed
442 3302 558 3373 subito
578 3305 620 3373 ab
642 3325 682 3374 ea
701 3306 745 3375 ad
765 3305 927 3374 leviorem
951 3312 1013 3376 aut
1036 3307 1110 3396 ipse
1134 3329 1171 3377 se
1196 3315 1297 3397 poeta
1317 3318 1463 3379 revocat

189 3435 250 3498 aut
274 3427 316 3498 ab
341 3427 409 3497 alio
432 3435 628 3518 revocatur,
653 3434 693 3499 ut
711 3428 877 3499 Horatius
897 3427 936 3498 Ο.
961 3428 1005 3507 ΙΙ,
1036 3431 1068 3498 1.
1088 3437 1273 3521 postquam
1290 3430 1462 3504 Pollionis

189 3551 369 3622 historiam
394 3549 474 3620 belli
498 3551 609 3622 civilis
634 3552 787 3623 laudavit
811 3552 997 3643 populique
1022 3555 1166 3625 Romani
1195 3555 1354 3624 miserias
1377 3577 1461 3626 con-

191 3683 332 3765 questus
356 3682 422 3763 est,
448 3674 571 3746 ultima
594 3678 739 3765 stropha
757 3697 777 3745 a
795 3676 907 3746 neniis
932 3675 975 3747 ad
998 3678 1107 3749 levius
1130 3679 1302 3766 plectrum
1320 3679 1462 3750 Musam

190 3812 341 3887 revocat,
368 3799 407 3871 O.
434 3798 503 3886 ΙΙΙ,
531 3804 564 3870 3.
591 3806 669 3889 post
691 3800 850 3870 iustitiae
875 3821 913 3871 ac
943 3803 1157 3871 constantiae
1181 3811 1285 3891 atque
1308 3803 1462 3893 Augusti

190 3923 327 4012 laudes,
353 3922 430 4010 Quo
451 3926 554 3995 Musa
573 3921 710 3993 tendis?
742 3923 868 4013 inquit,
898 3924 1016 3995 desine
1036 3925 1199 4014 pervicax
1218 3925 1364 3997 Referre
1384 3948 1462 3996 ser-

192 4067 311 4118 mones
334 4048 489 4119 Deorum
514 4053 550 4117 et
573 4047 701 4135 Magna
729 4048 839 4118 modis
866 4057 1010 4119 tenuare
1039 4051 1166 4138 parvis
1196 4051 1310 4141 Atque
1339 4051 1461 4122 eodem

191 4177 294 4259 pacto
318 4171 374 4239 hic
400 4191 457 4240 res
481 4172 597 4260 agitur
621 4190 687 4240 uou
711 4180 891 4262 narratur,
917 4175 1111 4244 revocantis
1135 4181 1252 4245 autem
1275 4196 1463 4263 personam

190 4315 257 4365 non
278 4296 352 4382 ipse
372 4293 577 4383 Propertius
596 4294 659 4366 sed
677 4296 889 4385 horoscopus
909 4299 1067 4367 sustinet.
1085 4296 1200 4388 thue
1219 4320 1328 4386 genus
1346 4300 1463 4388 ipsum

192 4419 356 4490 carminis
377 4418 462 4489 nibil
481 4419 586 4490 babet
614 4419 824 4500 offensionis,
850 4423 899 4492 ita
923 4442 965 4490 ne
991 4443 1011 4490 a
1034 4421 1110 4492 loco
1136 4423 1275 4511 quidem
1298 4444 1339 4493 eo
1360 4445 1462 4513 quem

89 4582 96 4601 x
192 4544 227 4613 in
247 4564 380 4614 summa
399 4543 503 4615 buius
522 4544 605 4615 libri
626 4546 758 4616 obtinet
791 4546 940 4616 alienum
964 4554 1027 4616 est.
1055 4547 1103 4618 Ut
1127 4548 1215 4616 enim
1235 4569 1351 4618 earum
1373 4570 1475 4637 quae·
