3166 5146
798 219 1004 288 ..74-

274 432 378 502 verba
400 452 518 500 eornm
539 428 683 520 prosert;
720 429 842 501 LXIII.
860 434 951 520 Atyn
970 430 1066 519 prius
1085 451 1160 500 oum
1190 436 1341 501 tremore
1361 430 1529 501 dicentem

272 552 354 624 lacit
373 577 421 624 vs.
444 560 500 625 ll.

352 730 483 802 Carere
503 733 586 803 haec
606 734 677 802 suis
697 735 818 803 adorta
837 740 889 802 est
909 731 1131 802 tremebunda
1151 731 1343 819 comitibus,
1365 771 1415 784 --

274 907 397 976 deinde
418 929 467 978 vs.
497 912 557 978 49.
580 921 709 980 maesta
728 932 826 981 voce:

405 1085 556 1154 Patriam
576 1086 724 1156 allocuta
744 1102 872 1157 maesta
891 1095 943 1158 est
961 1089 1010 1158 ita
1031 1108 1111 1156 voce
1130 1087 1326 1156 miscriter:
1344 1124 1393 1136 -

272 1279 308 1337 at
327 1267 423 1340 linita
441 1273 596 1340 oratione
615 1291 715 1341 rosea
734 1272 764 1340 ei
784 1270 873 1342 labin
894 1272 1015 1340 tribuit
1032 1293 1082 1342 vs.
1105 1274 1172 1358 743

484 1452 605 1521 Roseis
624 1459 663 1520 ut
681 1452 758 1522 huic
779 1453 911 1522 labellis
930 1453 1060 1522 sonitus
1081 1451 1171 1520 celer
1189 1452 1285 1523 abiit.

272 1661 373 1750 Apud
401 1661 573 1732 Tibullum
601 1664 638 1752 I,
673 1669 715 1753 6,
750 1669 811 1736 49.
846 1665 1004 1736 sacerdos
1031 1664 1215 1751 Bellonae,
1249 1686 1324 1734 cum
1353 1663 1423 1735 lata
1452 1665 1524 1735 dle-

270 1791 350 1854 tura
377 1793 449 1856 est:

400 1997 476 2068 Stat
494 2002 588 2088 (que)
605 1999 694 2070 latus
713 1999 863 2088 praefixa
882 2022 978 2088 veru,
998 2008 1067 2071 stat
1085 2003 1201 2094 saucia
1220 2007 1357 2088 pectus3

153 2220 158 2235 ·
270 2185 316 2275 II,
339 2191 373 2277 5,
396 2194 455 2260 68.
476 2191 603 2280 Sibylla
622 2191 825 2260 vaticinata:

531 2384 675 2454 lactavit
693 2382 786 2454 fusas
805 2386 865 2476 (et)
885 2392 986 2473 caput
1004 2390 1084 2455 ante
1103 2405 1229 2455 comas.

268 2593 435 2663 Horatius
446 2595 553 2683 Epod.
566 2595 622 2686 V,
633 2608 812 2685 postquam
824 2599 923 2685 pueri
936 2598 1124 2668 orationem
1140 2598 1308 2686 exposuit,
1320 2617 1387 2667 vss.
1404 2599 1462 2666 11.
1474 2617 1517 2665 ss.

267 2714 352 2786 haec
371 2716 486 2786 addit:

476 2909 524 2983 Ut
541 2912 627 2983 haec
647 2913 807 2982 trementi
827 2922 967 3003 questus
986 2933 1045 2982 ore
1065 2914 1220 2984 constitit

528 3037 723 3126 Insignibus
743 3041 851 3125 raptis
870 3059 966 3126 puer,

476 3163 616 3249 Impube
636 3183 769 3249 corpus,
790 3162 889 3250 quale
908 3170 1024 3251 posset
1042 3163 1146 3250 impia

526 3284 663 3354 Mollire
683 3285 855 3355 Thracum
874 3295 1023 3374 pectora.
1046 3325 1094 3336 -

266 3485 378 3556 Multo
399 3507 480 3555 vero
500 3487 608 3556 maior
636 3486 797 3556 similium
824 3487 976 3558 locorum
1004 3508 1164 3558 uumerus
1193 3486 1283 3578 apud
1311 3509 1371 3560 eos
1399 3500 1517 3578 poetas

267 3620 329 3699 est,
351 3614 408 3700 qui
429 3632 505 3681 cum
524 3610 655 3681 fabulas
675 3617 817 3680 narrent
834 3613 961 3682 multos
985 3612 1136 3682 dicentes
1155 3609 1303 3700 faciunt;
1333 3615 1516 3703 exquibus

265 3730 321 3807 hic
341 3737 425 3806 satis
446 3737 570 3805 erit‘ex
589 3734 702 3806 Ovidii
721 3735 835 3806 Fastis
855 3736 938 3806 baec
958 3735 1139 3807 attulisse..

265 3930 359 4001 Fast.
389 3931 415 4013 I,
450 3935 509 4002 99.
530 3930 590 4002 Ille
617 3931 654 4022 (i.
684 3953 713 4001 e.
743 3932 858 4020 Ianus)
889 3938 1008 4002 tenens
1036 3885 1155 4000 deitra
1182 3932 1341 4001 baculum
1369 3932 1516 4004 clavem·
1552 4028 1557 4038 .

1204 4077 1269 4144 que
1288 4057 1428 4127 sinistra

580 4179 699 4250 Edidit
716 4181 779 4250 hos
797 4181 896 4251 uobis
917 4201 976 4250 ore
995 4180 1109 4268 priore
1129 4201 1240 4250 sonos.

354 4384 401 4453 ib.
422 4386 505 4454 177.
526 4382 611 4453 Tum
630 4383 722 4453 Deus
742 4382 940 4452 incumbens
955 4382 1085 4471 baculo,
1103 4403 1202 4473 quem
1222 4384 1343 4454 dextra
1362 4383 1514 4473 gerebat,

581 4506 701 4578 Omina
720 4507 911 4595 principiis,
931 4507 1052 4596 inquit,
1073 4510 1183 4578 inesse
1203 4509 1324 4578 solent.
