3166 5146
683 202 969 295 ...7...’

262 441 321 509 17.
343 436 442 527 Quod
462 437 620 526 quamvis
640 436 689 507 ita
709 435 766 524 sit,
787 434 959 507 dominam
977 440 1115 507 mutare
1134 437 1274 508 cavebo.

357 645 361 653 Ι
391 561 480 632 T'um
496 560 604 652 flebit,
625 582 703 632 cum
721 561 756 630 in
776 581 830 631 me
848 561 997 632 senserit
1012 581 1087 631 esse
1100 559 1215 632 fidem.

105 808 111 813 ·
152 777 191 846 ln
212 775 321 865 elegia
343 779 402 847 13.
425 797 526 865 quam
545 776 632 847 lovis
653 776 699 845 sit
718 795 824 845 causa
846 774 1068 865 disiungendi
1091 773 1192 847 facile
1212 776 1367 846 cernitur
1386 797 1429 846 ex

72 884 75 890 ⁸
154 900 365 972 dissensione
385 901 665 990 disiungentium.
695 899 937 970 Lachmannus
957 901 1048 970 enim
1068 920 1194 971 novam
1214 900 1357 990 elegiam
1377 901 1427 970 in-

99 1062 102 1067 ·
154 1025 345 1116 cipitavs.
371 1028 429 1096 17.
1008 1012 1011 1018 ’

260 1221 542 1312 Quandocunque
561 1221 668 1311 igitur
687 1214 824 1292 nostres
842 1233 935 1293 mors
955 1221 1095 1291 claudet
1114 1221 1254 1311 ooelloS,

312 1346 440 1437 Accipe
460 1367 547 1436 quae
567 1366 685 1422 seruos
704 1344 839 1416 funeris
858 1352 937 1417 acta
956 1347 1023 1416 mei
1043 1385 1092 1397 -

98 1650 102 1663 Ι
154 1560 256 1650 quam
280 1581 388 1651 usque
413 1560 456 1631 ad
481 1561 611 1630 exitum
635 1558 807 1650 perducit,
831 1566 991 1631 neutrum
1015 1564 1130 1632 autem
1161 1580 1223 1630 cur
1244 1556 1350 1630 faciat
1372 1580 1428 1631 ao·
1491 1628 1520 1642 ,,

153 1686 309 1758 curatius
329 1686 483 1775 exponit:
504 1684 754 1772 Hertzbergius
774 1685 1095 1775 (QuaestPropp.
1119 1685 1193 1776 99.)
1213 1706 1233 1755 a
1251 1683 1429 1775 prioribus

155 1811 305 1900 seiungit
324 1832 390 1881 vss.
413 1813 474 1881 43.
496 1831 553 1900 ss,
575 1809 668 1899 qnod
687 1809 746 1899 qui
764 1811 864 1881 modo
884 1831 946 1880 sua
965 1811 1160 1881 conditione
1180 1810 1268 1880 adeo
1288 1814 1429 1880 conten-

155 1940 211 2006 tus
235 1934 352 2024 fuerit,
383 1939 425 2004 ut·
443 1933 497 2004 vel
525 1938 605 2025 post
634 1934 767 2004 cineres
795 1935 862 2004 alia
890 1935 942 2004 uti
970 1957 1008 2006 se
1036 1934 1125 2005 velle
1154 1940 1310 2025 negaret,
1338 1934 1431 2005 idem
1523 1929 1528 1938 “

143 2050 306 2149 'nequeat
340 2059 501 2130 continuo
533 2059 638 2129 vitam
678 2079 774 2129 suam
808 2060 982 2130 exsecrari
1020 2080 1156 2149 quaque
1193 2059 1281 2130 hora
1318 2057 1430 2130 lucem
1546 2107 1550 2115 ·

156 2183 330 2276 aspexerit
345 2205 420 2253 eam
435 2181 598 2254 flebiliter
614 2183 791 2255 detestari.
806 2183 886 2273 Sed,
904 2190 943 2254 ut
962 2185 1006 2255 ad
1025 2205 1099 2255 rem
1114 2184 1224 2274 ipsam
1240 2184 1429 2274 veniamus,

156 2310 277 2400 quibus
296 2309 536 2380 Lachmannus
556 2308 717 2379 versibus
736 2329 865 2380 novum
889 2331 1028 2380 carmen
1053 2307 1201 2398 orditur,
1228 2309 1271 2379 iis
1295 2314 1432 2382 antece-

155 2435 241 2506 dunt
259 2434 283 2503 ii
308 2433 434 2522 quibus
454 2433 548 2520 vulgi
572 2433 744 2520 opinionis
768 2434 978 2521 contemptio
1007 2431 1206 2504 declaratur
1238 2433 1430 2522 ceterisque

155 2559 314 2631 omnibus
333 2557 462 2628 amicae
482 2577 578 2627 amor
597 2554 809 2627 antefertur:

266 2758 324 2831 13.
344 2753 438 2825 Haeo
459 2753 518 2824 ubi
538 2752 758 2843 contigerint,
778 2752 896 2842 populi
916 2749 1058 2824 confusa
1076 2751 1189 2823 valeto

393 2879 540 2950 Fabula:
561 2899 640 2950 nam
660 2879 799 2949 domina
817 2878 931 2949 iudice
949 2883 1047 2976 tutus
1066 2897 1138 2948 ero.

342 3005 436 3094 Quae
456 3004 485 3073 si
503 3001 591 3074 forte
610 3003 718 3073 bonas
737 3002 781 3073 ad
800 3023 920 3091 pacem
939 2994 1086 3073 verterit
1103 3022 1218 3094 aureS,

317 3214 320 3221 ¹
395 3128 540 3199 Possum
559 3127 758 3197 iuimicitias
778 3131 860 3197 tunc
880 3137 943 3215 ego
962 3125 1054 3196 ferre
1073 3125 1096 3198 J
1099 3126 1182 3198 ovis.

158 3344 248 3414 Hinc
268 3346 383 3413 autem
402 3361 503 3430 quam
522 3345 601 3429 apte
621 3345 818 3411 transeatur
845 3338 889 3410 ad
912 3337 1019 3410 funus·
1040 3339 1169 3412 amicae
1188 3340 1430 3433 mandandum,

160 3467 314 3540 Tibullus
334 3472 388 3538 est
406 3464 546 3555 indici0,
568 3465 665 3536 cuius
684 3465 720 3536 in
738 3466 767 3555 l,
794 3469 807 3535 1
833 3486 921 3536 avs.
945 3467 1004 3565 57.
1017 3466 1101 3537 haec
1121 3471 1215 3537 sunt:

265 3664 341 3736 Non
362 3685 425 3752 ego
445 3660 580 3733 laudari
600 3681 697 3732 curo:
718 3682 794 3732 mea
812 3661 924 3755 Delia,
945 3665 1061 3732 tecum

346 3790 436 3858 Dum
454 3787 555 3859 modo
575 3785 651 3875 sim,
672 3807 797 3876 quaeso
817 3786 932 3875 segnis
952 3785 1115 3875 inersque
1133 3807 1249 3859 vocer.
1327 3766 1332 3779 ⁸

269 3913 318 3984 Te
337 3919 500 4002 spectem,
521 3931 681 4001 suprema
699 3913 784 3982 mihi
802 3932 880 3983 cum
899 3912 1036 3983 venerit
1054 3912 1152 4000 hora,

349 4037 398 4109 Te
416 4045 552 4110 teneam
570 4037 721 4108 moriens
740 4035 921 4108 deficiente
939 4057 1056 4108 manu.

163 4237 212 4308 At
230 4233 480 4322 Hertzbergius
499 4233 557 4304 vix
574 4234 746 4305 haesisset
764 4231 799 4301 in
814 4231 868 4303 his
887 4230 1063 4302 versibus:

270 4435 334 4503 43.
355 4433 472 4519 Atque
490 4430 621 4501 utinam
638 4430 757 4521 primis
775 4428 924 4499 animam
943 4447 996 4497 me
1014 4446 1143 4515 ponere
1162 4429 1259 4500 cunis

402 4556 564 4626 lussisset
583 4555 723 4643 quaevis
744 4554 787 4624 de
807 4552 919 4625 tribus
939 4570 1007 4621 una
1026 4554 1139 4624 soror!
