3166 5146
764 250 973 318 ..gg-

230 481 301 533 non
320 461 411 532 huno
431 461 646 532 Mamurium
664 459 804 549 pristini
822 458 998 548 ligneique
1017 458 1109 546 signi
1129 457 1280 547 auctori,
1311 477 1413 547 quem
1431 457 1509 527 nul-

231 584 303 655 lum
321 585 541 673 memoravit,
563 584 626 654 sed
645 584 760 672 ligneo
780 583 878 671 signo
899 581 1044 672 opponit
1057 582 1239 653 aheneum.
1260 581 1377 670 Atque
1388 578 1508 650 eodem

95 751 96 754 =
231 728 275 777 ex
292 727 423 797 genere
443 712 497 778 est
514 707 577 794 IV,
602 710 746 796 1‚135.

339 899 387 969 At
405 905 443 970 tu
463 899 554 988 finge
573 899 692 988 elegos
703 938 766 988 -,

233 1093 326 1182 quod
345 1098 531 1181 antequam
551 1092 637 1162 dicit
655 1092 883 1182 horoscopus,
904 1093 1075 1162 neminem
1094 1092 1200 1163 alium
1214 1091 1307 1163 aliud
1322 1112 1428 1181 agere
1438 1092 1509 1162 ins·

87 1215 89 1220 ’
233 1215 291 1305 sit,
312 1215 375 1286 sed
394 1217 539 1305 opponit
556 1212 688 1286 forensi
707 1236 844 1305 operae,
875 1235 942 1304 qua
961 1214 1061 1286 modo
1080 1214 1305 1286 interdictum
1325 1237 1403 1285 esse
1422 1215 1509 1286 Pro·
1560 1195 1565 1200 ⁴

231 1338 346 1427 pertio
366 1338 409 1410 ab
428 1337 590 1427 Apolline
609 1339 774 1428 narravit,
802 1339 949 1428 elegias,
976 1358 1060 1428 quas
1080 1359 1158 1410 oum
1178 1338 1338 1428 Apolline
1359 1359 1439 1410 eum
1456 1339 1509 1410 iu·

231 1460 291 1532 bet
309 1481 536 1552 componere3
557 1460 681 1532 deinde
700 1460 766 1547 ΙΙΙ,
791 1463 852 1550 18,
875 1464 939 1531 31:

338 1654 388 1725 At
405 1654 471 1725 tibi
491 1661 595 1726 nauta
614 1655 690 1744 pias
709 1653 886 1725 hominum
907 1655 966 1745 qui
985 1655 1120 1726 traiieis
1139 1655 1342 1727 umbras—-

231 1847 293 1918 ubi
321 1848 493 1937 oppositio
521 1869 590 1919 non
610 1824 663 1919 est
686 1847 779 1918 inter
797 1847 975 1920 Charonta
1003 1854 1038 1921 et
1061 1850 1177 1920 nescio
1202 1870 1305 1940 quem
1329 1851 1432 1922 deum
1456 1851 1511 1921 rel

230 1971 420 2062 hominem,
446 1972 509 2042 sed
527 1972 620 2041 inter
639 1977 792 2041 mortem
812 1972 970 2055 omnibus
990 1994 1208 2044 communem
1226 1979 1332 2063 atque
1351 1975 1449 2045 illum
1469 1974 1512 2046 ad

232 2099 327 2166 astra
347 2115 542 2184 ascensum,
564 2095 623 2183 qui
643 2095 685 2165 de
698 2093 850 2166 Caesare
871 2097 987 2189 (atque
1008 2102 1048 2167 ut
1067 2098 1168 2168 nobis
1186 2071 1328 2168 videtur
1347 2100 1453 2168 etiam
1469 2099 1511 2169 de

232 2215 397 2307 Claudio,
428 2219 495 2289 etsi
524 2218 627 2288 aliter
654 2219 769 2306 placet
796 2217 1042 2308 Hertzbergio)
1071 2219 1310 2308 praedicatur,
1339 2219 1512 2291 Marcello

232 2346 369 2413 mortuo
390 2346 549 2432 optatur3
568 2346 642 2413 turn
661 2341 727 2431 ΙΙΙ,
752 2345 812 2430 11,
834 2343 895 2411 71.
917 2362 944 2412 s.

340 2536 388 2606 At
406 2539 446 2605 tu
465 2535 538 2606 sive
557 2540 659 2623 petes
677 2539 801 2623 portus
821 2554 883 2604 seu
902 2534 1017 2604 navita
1036 2533 1186 2623 linques,

395 2655 558 2727 Caesaris
577 2658 613 2725 in
632 2661 706 2726 loto
726 2657 773 2726 sis
791 2677 923 2728 memor
942 2656 1040 2727 Ionio
1053 2695 1103 2707 -

232 2846 292 2918 ubi
315 2848 372 2919 cui
396 2851 535 2918 nautam
554 2845 751 2937 oppositum
776 2851 877 2934 putes
897 2867 963 2916 non
982 2845 1084 2917 facile
1103 2849 1276 2939 reperias,
1302 2849 1363 2921 sed
1383 2849 1509 2924 Caesar

233 2971 386 3061 Apollini
406 2971 610 3061 opponitur;
631 2978 706 3041 tum
724 2969 772 3060 II,
795 2973 829 3060 2,
853 2973 888 3041 2.

340 3164 388 3235 At
406 3185 461 3236 me
480 3166 670 3255 composita
689 3185 775 3253 pare
794 3161 918 3234 fefollit
937 3165 1108 3234 Amor-

234 3357 291 3428 cui
309 3358 425 3427 versui
443 3357 531 3426 haee
551 3355 777 3426 antecedunt:

339 3548 448 3620 Liber
467 3569 563 3620 eram
582 3554 619 3619 et
637 3568 746 3620 vacuo
766 3547 961 3619 meditabar
980 3548 1098 3619 vivere
1116 3549 1208 3621 leoto
1223 3588 1269 3602 -

233 3748 272 3816 ut
291 3743 348 3815 hio
368 3763 504 3832 quoque
523 3723 605 3833 ipse
617 3675 661 3813 de
680 3763 717 3813 se
736 3743 900 3831 loquatur
918 3742 1141 3831 Propertium
1164 3748 1237 3813 tum
1257 3743 1284 3834 Ι,
1309 3747 1368 3838 17,
1387 3749 1448 3819 25.
1463 3769 1507 3819 ss.

340 3936 390 4008 At
407 3956 471 4007 vos
488 3954 684 4026 aequoreae
702 3932 858 4005 formosa
877 3909 1010 4006 Doride
1029 3906 1129 4006 natae

396 4058 550 4130 Candida
567 4057 663 4129 felini
682 4058 805 4129 solvite
824 4057 901 4128 vela
919 4058 1038 4129 choro.

340 4178 376 4251 Si
395 4182 532 4272 quando
551 4187 693 4253 vestras·
706 4181 827 4253 labens
847 4182 956 4252 Amor
976 4181 1093 4269 attigit
1111 4182 1233 4272 undas,

393 4303 588 4376 Mansuetis
608 4304 701 4376 socio
721 4305 857 4394 parcite
875 4303 1039 4375 litoribus
1051 4345 1101 4357 —

98 4521 103 4530 ·
232 4516 320 4586 quas
342 4502 422 4568 ante
445 4518 568 4587 preces
592 4520 669 4571 oum
688 4500 782 4571 dicat
801 4500 844 4572 de
862 4505 975 4570 morte
994 4519 1056 4574 sua
1074 4520 1164 4588 quae
1183 4501 1314 4572 instare
1334 4499 1509 4591 videatur,
