3166 5146
686 245 974 316 ..g--

151 465 255 547 atquc
284 461 319 526 et
346 454 738 545 perfidumamatorem
772 461 870 543 petas
904 456 980 545 (23.
1012 454 1089 544 24.)
1122 462 1158 525 51
1186 476 1295 525 meam
1324 453 1424 524 fidem

152 583 305 671 negligas
335 581 397 670 (25
419 618 469 630 -
492 582 566 667 28),
597 585 631 650 51
664 580 694 649 51
725 580 881 651 abessem
909 580 1067 669 turpiora
1096 580 1200 651 etiam
1235 580 1426 652 committe·

152 729 208 779 res
221 708 298 799 (29.
322 704 394 795 30).
416 705 474 777 Sic
494 706 575 776 durn
593 705 627 774 in
647 703 793 795 perfidia
812 705 943 775 amicae
968 709 1141 794 versatur,
1161 706 1291 795 proprii
1311 705 1427 776 damni

5 834 15 841 “
153 832 267 903 dolore
291 829 461 903 imbutum
485 850 563 901 esse
585 836 743 918 apparet,
773 831 831 919 qui
860 830 999 919 quidem
1028 830 1193 901 increscit
1222 828 1332 920 dolor,
1359 850 1427 920 quo

153 958 260 1046 magis
293 957 390 1026 illam
431 954 548 1025 verbis
581 953 787 1044 amplificat,
833 975 911 1025 mox
942 959 1057 1025 autem
1090 955 1125 1024 in
1158 955 1427 1045 indignationem

152 1083 290 1170 transit,
310 1082 368 1152 ubi
388 1083 450 1173 (35
471 1121 522 1131 —-
544 1080 607 1170 36)
627 1079 770 1150 eandem
789 1079 832 1149 ab
852 1080 944 1176 omni
963 1100 1047 1151 sexu
1065 1080 1227 1151 muliebri
1245 1080 1427 1170 perfidiam

152 1207 323 1279 committi
341 1206 452 1277 animo
471 1205 649 1295 proponit;
670 1202 761 1274 uude
781 1224 858 1274 cum
881 1205 924 1275 ad
943 1225 1040 1274 suam
1060 1205 1289 1276 calamitatem
1307 1226 1427 1276 rever-

153 1335 240 1406 titur
259 1333 322 1422 (37
346 1372 391 1380 -
415 1329 491 1420 40),
512 1337 548 1400 51
567 1330 690 1400 cedere
710 1327 869 1400 fortunae
893 1330 1073 1401 constituit
1100 1335 1135 1400 et
1159 1331 1192 1400 in
1216 1331 1343 1400 iustam
1372 1330 1429 1400 de-

154 1458 387 1550 sperationem
420 1455 608 1526 descendit.
640 1454 708 1526 Sed
738 1453 773 1524 iu
802 1455 867 1526 hac
902 1454 1140 1543 desperatione
1172 1460 1335 1546 tanquam
1366 1477 1429 1527 sua

154 1607 191 1657 se
211 1584 342 1654 virtute
360 1580 504 1652 involvit
523 1587 559 1651 et
577 1601 645 1651 non
665 1581 737 1650 sine
757 1581 850 1651 tristi
870 1581 1018 1669 quadam
1037 1582 1214 1671 voluptate
1234 1581 1269 1650 in
1289 1603 1351 1651 555
1361 1580 1428 1652 fide

154 1730 255 1801 quam
266 1715 301 1778 et
310 1707 460 1779 servarit
470 1711 507 1777 et
516 1707 562 1777 sit
573 1712 775 1777 servaturus
791 1706 1054 1798 contemplanda
1063 1707 1427 1798 versatur(45-46)‚

155 1857 223 1928 qua
243 1831 455 1923 cogitatione
475 1831 603 1920 ipsese
624 1831 878 1918 aliquantulum
902 1831 1096 1903 consolatus
1112 1831 1249 1902 ultionis
1267 1831 1428 1901 acerbam

153 1929 364 2046 volup'tatem
383 1956 498 2027 animo
517 1954 700 2046 praecipit,
721 1975 799 2025 cum
817 1956 915 2044 prius
938 1956 1156 2045 tranquillior
1180 1956 1313 2027 aemulo
1333 1954 1427 2025 subi-

153 2092 224 2154 tam
242 2088 393 2152 mortem
411 2085 520 2169 optat,
541 2077 665 2149 deinde
684 2081 817 2150 maiore
837 2083 916 2153 odio
936 2083 1099 2154 incensus
1114 2084 1189 2154 eius
1203 2090 1352 2154 mortem
1367 2104 1430 2153 sua

155 2229 192 2279 se
207 2212 318 2278 morte
332 2207 480 2277 libenter
493 2206 755 2293 redempturum
769 2205 925 2276 declarat
938 2206 1000 2297 (47
1015 2247 1062 2258 -
1078 2206 1151 2296 52).
1170 2206 1264 2277 Η555
1280 2208 1429 2278 maxime

155 2336 269 2407 omnia
287 2341 370 2424 apta
386 2335 478 2405 inter
500 2354 537 2404 se
557 2341 593 2403 51
615 2353 768 2403 connexa
787 2354 863 2404 esse
887 2339 924 2403 51
941 2355 1005 2424 per
1024 2356 1060 2406 se
1081 2344 1133 2406 est
1151 2335 1374 2424 perspicuum
1394 2343 1429 2407 et

155 2462 303 2533 aliorum
331 2460 522 2531 carminum
551 2458 774 2529 similitudine
802 2457 903 2530 facile
936 2459 1167 2531 demonstrari
1198 2468 1323 2551 potest.
1360 2460 1430 2532 Sed

155 2587 324 2657 mittimus
348 2590 477 2673 cetera,
502 2585 544 2655 (15
569 2583 695 2671 quibus
724 2604 824 2654 nemo
849 2584 1036 2656 dubitavit:
1063 2591 1098 2655 at
1123 2604 1226 2674 quam
1248 2590 1328 2674 apte
1347 2607 1427 2656 ver-

154 2733 212 2783 sus
232 2714 294 2781 41.
315 2710 512 2800 superiores
531 2710 683 2798 excipiat
701 2710 767 2780 hoc
788 2716 841 2781 est
865 2711 1070 2800 gravissimo
1096 2713 1311 2800 documento,
1334 2709 1427 2799 quod

154 2838 351 2925 ubicunque
378 2835 582 2925 Propertius
607 2835 651 2905 dc
684 2855 747 2905 sua
764 2834 832 2906 fide
849 2836 1018 2925 loquitur,
1038 2842 1281 2926 praeterquam
1299 2836 1333 2906 in
1352 2836 1428 2925 ipso

155 2962 254 3032 initio
283 2960 447 3031 carminis
474 2960 543 3050 ΙΙΙ,
568 2962 643 3048 15,,
668 2959 765 3047 prius
794 2960 837 3031 de
865 2959 1010 3049 perfidia
1047 2967 1082 3031 et
1113 2962 1359 3048 inconstantia,
1393 2968 1429 3030 51

155 3091 296 3177 praeter
314 3085 363 3175 Il,
385 3088 520 3176 20,13.
539 3085 630 3174 5111,
648 3087 683 3174 7,
703 3088 724 3155 7
731 3140 752 3174 .,
767 3085 827 3156 551
846 3106 867 3155 5
886 3106 923 3156 55
941 3083 1107 3175 perfidiae
1119 3087 1247 3158 crimen
1261 3084 1426 3174 defendit,

155 3217 191 3282 et
208 3215 349 3302 praeter
367 3211 415 3299 Il,
438 3213 498 3300 25,
526 3213 574 3297 9.,
599 3209 660 3280 ubi
680 3209 722 3280 dc
742 3212 888 3282 aliarum
911 3232 1026 3282 rerum
1049 3212 1280 3285 inconstantia
1303 3212 1428 3284 55115-

156 3341 269 3424 cutus,
298 3335 424 3424 ubique
454 3335 496 3404 de
525 3335 637 3407 alieua
664 3334 811 3425 perfidia
838 3335 1003 3424 disputat.
1034 3338 1129 3426 Quos
1158 3340 1251 3410 locos
1279 3341 1334 3410 hic
1359 3363 1428 3412 non

156 3480 379 3552 gravaremur
415 3459 632 3551 exscribere,
661 3461 725 3531 nisi
748 3463 828 3549 post
842 3459 974 3561 iisdem
997 3462 1040 3532 ad
1064 3461 1126 3552 IV,
1149 3467 1181 3533 7.
1205 3484 1291 3553 opus
1316 3473 1427 3536 esset:

156 3583 422 3675 nuncnumeris
450 3589 589 3656 notasse
618 3587 703 3657 satis
732 3585 912 3656 habemus:
947 3585 1010 3675 IV,
1041 3591 1076 3676 7,
1108 3590 1167 3656 51.
1198 3587 1264 3677 Ill,
1297 3593 1358 3679 25,
1392 3595 1426 3663 3.

155 3711 202 3802 Il,
225 3713 286 3800 21,
310 3711 370 3780 19.
394 3712 528 3800 24,33.
552 3713 762 3800 39.17,17.
786 3714 820 3799 9,
843 3711 978 3781 25.41.
1002 3712 1109 3802 8,]3.
1134 3714 1169 3800 6,
1191 3714 1292 3803 411,
1318 3717 1425 3804 19,5.

161 3839 220 3924 18,
245 3838 304 3908 11.
329 3835 388 3925 15,
411 3838 471 3904 29.
496 3837 555 3924 12,
579 3837 915 3926 19.11,21.8,21.
935 3834 1010 3905 Nec
1030 3838 1305 3924 sempereodem
1325 3843 1427 3928 pacto

158 3981 178 4031 5
200 3959 346 4049 perfidia
365 3959 407 4031 ad
426 3958 528 4029 fidem
552 3961 697 4048 transit3
723 3980 825 4049 55555
844 3959 1059 4050 simpliciter,
1080 3961 1252 4033 interdum
1270 3985 1332 4054 per
1351 3985 1425 4035 rno-

159 4084 370 4156 derationem
394 4082 577 4174 quamdam
601 4085 704 4156 animi
728 4091 763 4156 51
791 4084 986 4176 ignoscendi
1015 4085 1240 4178 clementiam,
1267 4090 1425 4178 5151555

159 4209 278 4282 similis
298 4209 465 4281 transitus
485 4210 654 4301 5511511,
678 4213 738 4302 17,
761 4212 807 4281 17
825 4232 851 4282 5.

269 4462 326 4533 15.
347 4458 449 4532 Nunc
468 4458 581 4532 iacere
601 4479 621 4529 e
640 4458 726 4530 duro
746 4481 872 4550 corpus
890 4457 983 4550 licet,
1002 4459 1119 4550 impia,
1141 4483 1223 4532 saxo

396 4583 539 4658 Sumere
557 4590 592 4657 et
609 4585 644 4654 in
663 4591 799 4658 nostras
817 4585 903 4656 trita
921 4604 1052 4693 venena
1070 4607 1200 4657 manus.
1222 4626 1272 4637 -—
