3166 5146
775 215 981 282 ..-54..

347 427 439 498 Talis
458 427 494 497 in
513 432 654 497 aeterno
672 424 754 495 felix
772 425 987 496 Vertumnus
1006 425 1153 514 Olympo

398 551 497 622 Mille
516 551 624 621 habet
642 557 797 639 ornatus,
818 549 912 619 mille
932 549 1096 620 decenter
1114 548 1236 619 habet:

241 770 277 834 et
296 764 447 834 oleribus
466 784 504 834 se
524 770 560 832 et
579 760 722 832 floribus
747 761 906 831 omnibus
930 762 980 831 ita
1003 763 1120 832 ornari
1144 770 1183 831 ut
1206 760 1355 831 decorus
1381 762 1438 831 sit.
1461 763 1513 833 De

239 889 436 976 praeceptis
459 888 540 957 anni
563 884 735 957 fructibus
763 907 829 956 non
852 885 938 973 dici,
969 892 1007 956 ut
1033 907 1082 955 vs.
1118 888 1177 956 11.
1203 906 1263 974 ss,
1293 886 1448 956 videmus
1472 909 1514 956 ex

241 1012 374 1081 verbis:
396 1011 478 1101 quin
495 1011 554 1081 ille
573 1011 741 1081 decenter
761 1016 857 1093 cett,
873 1015 908 1078 et
928 1031 971 1079 ex
990 1011 1174 1099 probata,
1189 1009 1281 1098 qnod
1296 1029 1512 1099 nequaquam

241 1156 317 1206 cum
333 1136 584 1206 Luettiohanne
604 1135 639 1203 in
657 1134 794 1204 locata
813 1133 1095 1222 convertendum,
1111 1135 1172 1204 sed
1190 1155 1255 1222 pro
1266 1143 1389 1205 natura
1403 1137 1513 1204 totius

241 1259 308 1330 loci
327 1260 375 1330 sic
394 1258 631 1348 accipiendum
650 1267 715 1346 est,
735 1264 776 1329 ut
793 1259 973 1328 hortorum
991 1258 1078 1328 dona
1097 1259 1131 1328 in
1151 1258 1336 1329 Vertumni
1355 1259 1512 1331 manibus

239 1383 405 1472 placere
423 1383 594 1454 dicautur.
626 1383 712 1454 Cum
732 1389 848 1453 autem
867 1381 1082 1453 Vertumnus
1106 1383 1206 1453 dicit:
1235 1383 1282 1453 de
1311 1405 1387 1472 quo
1416 1384 1512 1454 mihi

240 1508 411 1578 maxima
429 1506 534 1577 fama
553 1515 630 1594 est,
652 1508 824 1578 rationem
844 1507 960 1577 reddit
985 1509 1234 1596 occupationis.
1261 1506 1404 1581 Olerum
1423 1509 1512 1578 enim

179 1690 184 1697 .
242 1638 277 1702 et
299 1630 422 1703 florum
446 1638 589 1702 ornatus
616 1632 694 1703 ideo
726 1633 888 1701 omittere
917 1637 1044 1719 potest,
1070 1631 1162 1722 quod
1192 1631 1260 1702 illis
1289 1653 1366 1703 eum
1394 1634 1512 1704 ornari

241 1757 459 1827 notissimum
479 1762 549 1840 est3
579 1764 720 1827 ornatur
747 1766 863 1826 autem
882 1756 927 1826 iis
947 1755 991 1827 ob
1015 1756 1051 1826 id
1070 1758 1198 1845 ipsum,
1224 1756 1315 1848 quod
1333 1764 1372 1829 ut
1389 1758 1446 1828 hic
1464 1760 1514 1828 ait
1567 1798 1570 1803 -

241 1900 292 1950 ve.
317 1885 389 1969 11.,
411 1881 578 1951 vertentis
598 1881 677 1950 anni
695 1879 849 1951 fructum
869 1881 1043 1970 praecipit
1058 1881 1112 1952 vel
1127 1882 1219 1971 quod
1232 1882 1416 1953 hortorum
1429 1883 1514 1953 deus

242 2011 307 2092 est,
336 2011 376 2074 ut
402 2005 477 2092 ipse
506 2024 544 2075 se
571 2004 665 2095 apud
690 2004 852 2076 Ouidium
879 2004 1022 2076 Metam.
1052 2005 1149 2096 XIV,
1183 2008 1270 2077 687.
1291 2028 1318 2077 s,
1341 2006 1514 2078 Pomonae

243 2128 425 2200 describit:

281 2326 284 2331 ⁸
323 2339 436 2428 Quid?
455 2341 548 2429 quod
567 2341 689 2412 amatis
708 2339 822 2411 idem?
842 2338 931 2429 quod
951 2357 1040 2427 quae
1059 2336 1124 2406 tibi
1142 2357 1245 2426 poma
1263 2337 1424 2408 coluntur

374 2465 514 2535 Primus
534 2465 641 2537 habet
658 2466 818 2553 laetaque
838 2470 933 2534 tenet
950 2470 1011 2532 tua
1032 2483 1173 2532 munera
1192 2463 1336 2534 dextra?
1360 2503 1406 2512 —

323 2695 363 2765 In
390 2697 517 2768 tertia
544 2696 656 2786 elegia
683 2693 940 2765 Heimreichius
967 2690 1123 2784 (Quaest.
1149 2692 1323 2784 Propert.)
1353 2714 1507 2764 versuum

245 2820 280 2890 7.
301 2861 351 2871 —
376 2824 434 2892 11.
453 2825 571 2911 partes
590 2817 784 2908 inferiores,
809 2837 894 2907 quos
917 2817 975 2888 hic
999 2817 1096 2888 uncis
1120 2817 1333 2907 inclusimus,
1358 2819 1510 2908 interpo-

243 2945 333 3016 latos
353 2944 526 3016 declarat:

349 3177 398 3246 Te
417 3172 518 3245 modo
536 3170 698 3242 viderunt
716 3173 861 3244 iteratos
879 3173 1022 3263 (Bactra
1040 3193 1104 3262 per
1122 3175 1233 3262 ortus)

401 3299 449 3368 Te
468 3294 568 3366 modo
588 3296 719 3367 munito
738 3295 913 3367 Neuricus
931 3296 1054 3388 (hostis
1074 3297 1174 3388 equo)

351 3419 563 3508 Hibernique
583 3416 693 3491 Getae
712 3420 875 3511 pictoque
894 3419 1087 3512 (Britannia
1105 3421 1227 3512 curru)

403 3541 510 3615 Ustus
529 3550 565 3614 et
583 3544 660 3616 an
677 3545 828 3616 discolor
846 3544 953 3616 Indus
974 3545 1098 3637 (aqua).

245 3772 332 3845 Nam
352 3772 458 3843 verba
473 3812 525 3827 ·-
541 3775 694 3845 Bactra
712 3794 784 3863 per
804 3780 919 3845 ortus
940 3796 1116 3864 -neque
1135 3775 1171 3843 in
1191 3773 1419 3863 Neapolitano
1439 3794 1516 3845 esse

245 3895 364 3966 codice
393 3917 503 3987 neque
540 3899 646 3969 ullam
683 3898 812 3969 habere
845 3900 1127 3988 explicationem3
1161 3897 1417 3969 Britanniam
1450 3919 1516 3969 nou

243 4038 348 4108 posse
366 4024 549 4093 memorari
568 4043 645 4093 cum
664 4023 817 4112 Lycotas
835 4023 872 4093 in
890 4023 1034 4094 orientis
1053 4021 1159 4093 terris
1178 4021 1295 4104 suerit,
1316 4042 1419 4112 aqua
1436 4021 1519 4094 an

245 4163 312 4214 non
337 4147 390 4216 uri
411 4146 528 4235 Indos,
549 4146 608 4236 qui
631 4155 813 4236 praeterea
835 4168 957 4239 parum
981 4151 1149 4235 appareat
1168 4167 1236 4236 qua
1254 4147 1288 4216 vi
1307 4149 1377 4217 usti
1395 4145 1517 4218 iidem-

247 4290 312 4359 que
333 4271 521 4342 discolores
541 4279 718 4343 vocentur.
744 4272 810 4344 Sed
828 4278 902 4342 tres
925 4273 1138 4361 posteriores
1162 4292 1279 4342 versus
1299 4271 1384 4342 satis
1403 4269 1520 4342 defen·

122 4440 127 4451 ·
245 4395 297 4466 dit
316 4395 586 4467 Luettiohannes
605 4399 651 4486 (p.
674 4399 737 4485 4.),
757 4398 816 4486 qui
836 4397 959 4466 merito
983 4396 1144 4467 admonet
1163 4416 1299 4488 semper
1316 4398 1351 4467 in
1374 4398 1519 4468 orientis

246 4520 447 4610 regionibus
466 4521 633 4592 militasse
653 4520 824 4612 Lycotam
849 4541 1016 4610 nusquam
1042 4522 1123 4610 dici,
1148 4527 1183 4590 et
1201 4542 1305 4610 aqna
1323 4520 1408 4591 an
1427 4521 1518 4592 loca-
