3166 5146
684 237 890 304 -109-

155 460 299 524 naturae
329 449 484 520 ordinem
513 455 590 516 ante
620 453 782 537 parentes
810 451 977 534 mortuae,
1007 444 1103 515 urbis
1132 445 1282 534 querelis
1310 448 1417 515 inter·

155 578 290 671 positis¹
308 564 541 645 admonemur.
572 570 669 658 Quod
687 592 769 640 vero
788 592 847 640 vs·
863 572 920 638 17.
947 569 1073 640 dictum
1100 577 1168 641 est:
1199 571 1422 641 Immatura‘

154 696 245 775 licet.
267 705 349 772 cett.
375 739 433 786 -,
459 717 498 765 eo
522 696 703 784 quominus
722 695 788 763 vim
813 694 1053 764 adversativae
1076 697 1266 783 particulae
1288 701 1418 774 refera-

157 848 232 898 mus
255 824 403 916 plurima
426 819 485 889 illa
510 819 647 889 obstant
670 839 757 907 quae
782 818 915 887 interea
938 824 1089 889 tractata
1112 827 1203 891 suut.
1238 823 1275 894 si
1304 834 1420 897 autem

156 952 192 1023 id
216 971 284 1040 quo
307 951 442 1037 spectat
466 943 634 1032 oppositio
655 943 690 1011 in
711 943 876 1031 proximis
905 943 1137 1030 quaerendum
1164 952 1227 1028 est,
1259 952 1417 1035 quoniam

157 1074 257 1146 modo
285 1073 399 1142 luctus
427 1068 601 1149 hominum
631 1073 685 1137 est
711 1072 936 1153 memoratuS,
970 1066 1034 1136 hoc
1068 1066 1221 1141 declarat
1249 1071 1418 1166 Cornelia,

107 1291 111 1295 ἱ
156 1200 327 1288 lugeri'se
353 1192 662 1277 vehementissime,
692 1191 846 1279 quamvis
871 1190 962 1278 quod
985 1191 1098 1261 omnia
1125 1193 1216 1263 vitae
1245 1199 1421 1271 commoda

156 1330 192 1394 et
218 1323 367 1392 honores
392 1322 535 1406 experta
558 1316 604 1385 sit
625 1314 719 1383 nulla
743 1316 855 1403 magni
878 1315 993 1385 luctus
1018 1337 1124 1387 causa
1142 1339 1219 1389 esse
1247 1321 1418 1396 videatur.

156 1448 256 1517 Hanc
288 1445 377 1513 enim
407 1426 577 1511 rationem
608 1438 698 1506 iuter
731 1438 925 1525 lugentium
954 1438 1110 1510 dolorem
1143 1443 1302 1532 vitaeque
1330 1464 1421 1518 com·

157 1571 259 1643 moda
284 1571 473 1656 impetrata
495 1563 711 1634 intercedere
735 1567 770 1633 et
794 1563 905 1634 Servii
928 1563 1108 1656 Tacitique
1133 1589 1221 1656 quae
1244 1572 1422 1645 attulimus

157 1695 262 1767 verba
291 1691 478 1778 declarant,
508 1694 554 1777 et,
585 1695 623 1758 ut
649 1687 718 1757 alia
744 1687 853 1757 multa
879 1688 1066 1779 mittamus,
1096 1692 1270 1765 Ausonius
1297 1696 1419 1787 Epita-

157 1820 236 1910 phio
255 1814 407 1889 XXXII:

316 2010 439 2083 Omnia
458 2027 544 2096 quae
562 2007 664 2094 longo
685 2005 775 2075 vitae
795 2004 982 2093 cupiuntur
1005 2005 1039 2075 in
1059 2028 1141 2080 aevo

316 2135 408 2205 Ante
427 2136 550 2220 quater
569 2130 708 2217 plenum
727 2130 898 2199 consumit
916 2129 1040 2200 Anicia
1058 2131 1217 2204 lustrum.

316 2255 433 2327 Infans
451 2255 604 2340 lactavit,
627 2252 736 2341 pubes
755 2259 791 2323 et
808 2255 908 2339 virgo
927 2253 1087 2323 adolevit.

315 2378 456 2464 Nupsit,
477 2376 647 2464 concepit,
665 2376 813 2463 peperit,
834 2375 901 2444 iam
920 2380 1032 2444 mater
1051 2374 1170 2449 obivit.

317 2499 402 2589 Quis
422 2503 568 2568 mortem
587 2496 749 2567 accuset?
774 2497 849 2586 quis
868 2518 935 2567 uon
954 2507 1096 2570 accuset
1113 2502 1149 2570 in
1167 2502 1248 2574 illa?

316 2622 453 2695 Aetatis
472 2621 606 2692 meritis
625 2641 709 2690 anus
729 2626 792 2710 est,
817 2627 932 2691 aetate
951 2622 1078 2711 puella.

159 2851 212 2921 Ne
236 2849 312 2938 quis
341 2853 457 2917 autem
486 2852 640 2934 quaerat,
670 2865 731 2916 cur
758 2845 825 2916 hoc
847 2846 1062 2934 potissimum
1087 2855 1318 2919 memoretur:
1348 2850 1425 2940 quis
1536 2847 1537 2851 ’

158 2994 226 3045 non
253 2966 351 3044 videt
377 2989 569 3038 maerorem
596 2968 787 3054 lugentium
819 2975 976 3038 mortuae
1010 2988 1050 3038 eo
1083 2969 1425 3044 honorificentiorem

159 3117 248 3186 esse,
271 3113 338 3184 quo
361 3093 470 3163 maior
493 3092 567 3162 eius
590 3111 672 3180 pars
695 3110 792 3160 suam
816 3091 862 3160 sit
884 3092 1053 3162 iacturam
1077 3093 1267 3165 dolentium
1290 3115 1445 3185 quoque·

158 3221 327 3291 minorem
351 3215 417 3287 sibi
439 3223 575 3303 partem
598 3214 838 3284 misericordia
860 3215 1031 3286 vindicet?
1052 3255 1099 3268 —
1120 3216 1194 3288 Nec
1214 3215 1352 3291 difficile
1371 3220 1423 3291 in·
1492 3294 1495 3299 ,

159 3346 301 3418 tellectu
321 3349 386 3432 est,
408 3339 578 3430 quomodo
597 3359 666 3408 vss.
689 3340 855 3408 67-70.
876 3338 1066 3426 accipiendi
1089 3341 1176 3410 sint:

371 3561 462 3631 Filia
480 3566 519 3630 tu
538 3528 712 3647 specimen
730 3573 894 3626 censurae
914 3561 995 3624 nata
1013 3563 1175 3645 pateruae

425 3685 496 3755 Fac
515 3703 620 3753 unum
640 3687 758 3750 teneas
777 3700 839 3750 nos
858 3678 993 3749 imitata
1010 3680 1133 3750 virum.

373 3808 419 3879 Et
437 3809 527 3878 serie
546 3805 665 3876 fulcite
683 3825 810 3893 genus;
834 3803 918 3873 mibi
938 3803 1061 3894 cymba
1078 3805 1205 3875 volenti

426 3929 581 4001 Solvitur
598 3929 753 3999 aucturis
771 3933 823 4000 tot
840 3948 918 3998 mea
934 3926 1006 3999 fata
1022 3929 1121 4000 meis.

163 4140 318 4212 Primum
341 4140 431 4210 enim
453 4140 592 4229 planum
615 4147 666 4211 est
688 4161 757 4210 non
781 4141 973 4210 continuari
991 4141 1025 4210 id
1045 4139 1137 4229 quod
1159 4139 1260 4210 modo
1285 4138 1328 4211 de
1345 4137 1425 4212 filiis

163 4264 295 4336 duobus
318 4264 450 4335 dictum
474 4272 542 4353 est3
565 4265 642 4336 illos
665 4266 756 4335 enim
780 4264 848 4335 sibi
871 4265 1075 4353 superstites
1097 4263 1183 4334 dicit
1206 4262 1369 4335 Cornelia
1390 4270 1427 4335 et

166 4389 271 4459 vitam
295 4408 412 4460 eorum
432 4389 466 4459 in
489 4388 608 4458 mortis
627 4410 708 4460 suae
731 4387 897 4459 felicitate
917 4394 1089 4458 numerat:
1115 4385 1185 4458 fllia
1208 4393 1304 4479 optat
1327 4391 1367 4456 ut
1388 4405 1426 4458 se

163 4511 332 4603 imitetur,
352 4512 388 4583 id
408 4514 500 4601 quod
519 4513 639 4584 eodem
657 4512 773 4586 facere
793 4514 935 4585 oonsilio
955 4532 1021 4583 non
1039 4518 1165 4602 potest.
1196 4513 1245 4583 At
1263 4530 1349 4602 quae
1368 4531 1426 4583 res
