3166 5146
752 305 959 374 ..20-

226 520 420 594 confitetur.
440 518 751 590 Tantacausarum
770 533 858 601 quae
876 519 1076 586 tractantur
1090 523 1144 588 est
1166 521 1370 609 communio,
1390 541 1492 610 prae-

224 645 345 717 sertim
373 643 466 714 inter
488 639 710 729 Propertium
738 642 775 708 et
803 634 976 728 Ovidium,
1007 659 1074 729 qua
1102 639 1145 713 de
1173 662 1212 714 re
1240 643 1320 714 olim
1343 644 1493 716 disserui
1548 741 1552 748 ¹

224 788 266 839 eo
306 766 440 855 libello,
482 784 584 854 quem
628 760 815 851 inscripsi:
864 760 916 832 De
962 763 1130 834 Amorum
1171 764 1286 838 Ovidii
1326 774 1363 841 ct
1402 744 1490 841 Pro·

223 891 330 980 pertii
366 889 559 979 elegiarum
599 883 823 956 similitudine
869 883 1147 976 (Jabresbericbt
1191 888 1252 961 der
1289 891 1492 965 St.·Annen

225 1012 364 1086 Schule.
390 1008 694 1098 St.·Petereburg,
722 1009 852 1097 1861):
882 1007 948 1099 Qui
972 1009 1061 1098 quod
1084 1010 1222 1084 libellus
1244 1014 1279 1085 in
1301 1035 1491 1107 paucorum

223 1158 345 1208 manus
367 1135 535 1226 pervenit,
565 1153 633 1204 non
657 1132 796 1223 quidem
822 1133 935 1202 omnia
952 1132 1011 1203 illa
1035 1135 1215 1207 consilium
1238 1144 1291 1210 est
1308 1141 1491 1229 transscri-

146 1262 149 1267 '
223 1261 321 1349 bere,
346 1264 384 1331 at
400 1279 506 1331 unum
530 1257 681 1347 primum
704 1255 829 1326 librum
854 1254 970 1329 Ovidii
992 1257 1041 1328 ita
1062 1279 1320 1352 persequemur,
1344 1273 1492 1354 atquae

226 1385 349 1477 cuique
383 1383 474 1475 apud
506 1381 730 1472 Propertium
762 1379 992 1469 respondeant
1023 1379 1228 1455 brevissime
1259 1387 1489 1459 ostendamus.

223 1506 273 1580 Ut
301 1508 409 1599 igitur
432 1505 577 1579 Ovidius
600 1506 677 1577 Am.
704 1503 732 1574 Ι.
758 1509 790 1575 1.
819 1500 927 1576 refert
950 1506 1122 1593 quomodo
1155 1508 1197 1579 ab
1221 1509 1297 1582 aliis
1324 1511 1491 1602 poematis

224 1631 466 1722 componendis
500 1629 543 1701 ab
572 1628 700 1700 Amore
729 1628 772 1699 ad
802 1627 930 1717 elegias
957 1628 1002 1700 sit
1028 1639 1229 1722 revocatum
1259 1635 1307 1704 ita
1338 1636 1490 1726 Proper-

222 1755 293 1826 tius
312 1754 376 1844 111,
391 1758 425 1827 3.
437 1754 528 1825 idem
548 1753 612 1825 sibi
632 1751 676 1823 ab
694 1750 856 1842 Apolline
874 1752 1002 1823 factum
1022 1760 1155 1842 narrat3
1176 1760 1215 1825 ut
1232 1756 1291 1827 ille
1315 1758 1343 1848 Ι,
1367 1763 1425 1830 13.
1447 1758 1491 1831 de

222 1876 290 1951 lide
322 1898 386 1951 sua
417 1877 674 1965 carminumque
706 1874 886 1946 nobilitate
919 1876 1009 1966 apud
1042 1878 1186 1950 amicam
1218 1878 1407 1972 praedicat,
1440 1883 1491 1955 ita

223 2002 282 2073 hie
300 2003 345 2089 ll,
369 2006 428 2074 25.
450 2009 485 2072 et
503 2000 567 2089 ΙΙΙ,
591 2004 639 2087 2.;
663 2005 703 2069 ιιι
727 1999 830 2088 illel,
853 2002 886 2070 6.
911 2000 1095 2072 ianitorem
1127 2009 1167 2073 ut
1194 2023 1231 2074 se
1250 2002 1411 2078 admittat
1429 2008 1490 2079 ad-

223 2125 400 2214 hortatur,
420 2126 469 2195 ita
486 2124 543 2195 hic
561 2124 589 2214 I,
609 2126 667 2194 16.
688 2123 827 2193 ianuam
845 2120 930 2193 facit
949 2124 1078 2195 similes
1098 2128 1245 2198 amantis
1260 2131 1419 2220 querelas
1433 2153 1488 2204 re-

222 2246 407 2335 ferentem3
426 2256 466 2319 ut
484 2249 543 2319 ille
561 2246 590 2337 Ι,
604 2250 639 2318 9.
655 2266 804 2318 amorem
827 2267 903 2317 cum
921 2247 1047 2319 militia
1066 2248 1211 2342 confert,
1227 2252 1278 2322 ita
1295 2254 1352 2325 hic
1367 2255 1414 2346 ΙΙ,
1430 2261 1487 2329 12.

226 2372 391 2443 Amorem
405 2393 483 2444 cum
499 2391 618 2462 puero.
629 2371 718 2442 Item
732 2371 873 2442 alterius
884 2372 912 2461 Ι,
926 2373 998 2463 12,
1011 2371 1153 2445 alterius
1162 2374 1226 2463 ΙΙΙ,
1244 2378 1303 2447 23.
1323 2378 1366 2449 de
1385 2379 1485 2451 tabel-

225 2497 268 2569 lis
287 2503 351 2568 est.
366 2496 461 2567 Lena
476 2517 556 2567 vero
578 2516 679 2585 quam
693 2501 890 2585 promptum
905 2495 976 2566 illis
996 2497 1110 2587 poetis
1128 2507 1367 2589 argumentum
1385 2501 1490 2575 fuerit

223 2620 304 2690 inde
322 2620 427 2690 etiam
446 2627 601 2710 apparet,
624 2618 714 2709 quod
739 2618 895 2690 Tibullus
918 2641 1053 2711 quoque
1082 2642 1149 2692 non
1174 2623 1231 2693 ille
1257 2625 1395 2715 quidem
1415 2628 1490 2699 eius

226 2743 504 2834 praeceptionem
520 2742 673 2813 carmine
692 2742 943 2832 complectitur,
958 2749 1124 2815 attamen
1139 2746 1185 2835 ΙΙ,
1201 2750 1235 2837 6,
1253 2752 1314 2820 44.
1335 2750 1489 2824 breviter

226 2887 287 2938 con
336 2868 456 2956 eritur,
475 2866 503 2956 l,
526 2870 560 2954 5,
581 2868 643 2936 48.
665 2865 820 2953 pluribus
840 2864 1034 2937 detestatur
1053 2875 1156 2958 atque
1175 2871 1311 2943 elevare
1330 2882 1487 2948 conatur.

288 2887 466 3080 *equitur
485 2990 631 3080 septima
649 2989 771 3081 elegia,
802 3010 905 3079 quam
924 2987 1103 3063 Caruttius
1127 3000 1162 3063 et
1183 3014 1204 3066 a
1222 2994 1399 3085 Propertii
1419 3020 1490 3072 mo·

223 3115 319 3185 ribus
339 3120 375 3185 et
393 3134 413 3184 a
429 3112 601 3204 Cynthiae
619 3113 764 3185 adanam
778 3113 829 3184 ait
842 3134 931 3184 esse.
945 3113 1068 3202 Neque
1085 3116 1174 3187 enim
1193 3117 1289 3189 illum
1307 3122 1489 3211 probabile

223 3259 300 3309 esse
320 3258 422 3327 quam
440 3238 521 3309 olim
540 3242 723 3324 tantopere
741 3243 893 3307 amasset
907 3238 981 3308 eius
994 3235 1098 3310 funus
1116 3260 1261 3329 prorsus
1279 3245 1485 3337 neglexisse,

224 3382 335 3452 neque
357 3361 439 3432 huic
463 3380 551 3450 quae
579 3359 622 3431 de
640 3357 775 3430 Subura
802 3365 986 3430 narrentur
1018 3382 1093 3433 esse
1122 3373 1362 3437 consentanea.
1392 3367 1487 3458 Quae

223 3491 342 3556 contra
360 3504 481 3555 rursus
500 3482 751 3554 adhortandum
776 3482 912 3553 videtur
932 3504 976 3554 ne
995 3485 1146 3585 Augusti
1171 3489 1347 3560 saeculum
1366 3499 1487 3566 nostra

222 3607 473 3681 consuetudine
500 3607 694 3678 metiamur.
723 3604 815 3693 Quid
842 3607 959 3679 enim?
987 3629 1073 3698 quae
1099 3610 1256 3683 Catullus
1283 3612 1326 3685 de
1348 3614 1484 3708 Lesbia,

225 3732 368 3806 Ovidius
392 3731 435 3804 de
460 3730 612 3804 Corinna
639 3738 818 3813 memorat,
847 3752 928 3801 num
956 3753 995 3804 ea
1023 3733 1240 3807 honestiora?
1266 3736 1333 3810 Sed
1360 3740 1395 3809 in
1418 3742 1486 3814 ista

225 3857 439 3945 turpitudine
467 3855 522 3927 vel
549 3854 679 3925 morari
707 3852 836 3924 diutius
863 3858 966 3946 turpe
994 3865 1058 3929 est.
1090 3857 1160 3929 Cur
1183 3867 1297 3932 autem
1320 3883 1341 3933 a
1362 3863 1484 3936 funere

224 3977 395 4067 Cynthiae
405 3978 609 4069 Propertius
628 3974 788 4067 abfuerit,
808 3999 889 4049 num
907 3979 993 4053 adeo
1012 3979 1152 4053 difficile
1171 3989 1224 4054 est
1240 3986 1408 4057 rationem
1427 4008 1483 4059 re·

221 4100 362 4191 perire?
382 4099 472 4188 Quia
491 4101 521 4171 si
539 4099 681 4171 discidio
700 4098 790 4172 iacto
809 4102 862 4175 vel
880 4102 1056 4175 nesciebat
1074 4125 1151 4176 esse
1170 4108 1362 4179 mortuam?
1381 4105 1484 4182 Certe

221 4245 290 4296 non
312 4223 448 4296 tantula
474 4228 551 4294 erat
573 4222 695 4314 Roma,
724 4230 764 4296 ιιι
792 4225 937 4298 dotalis
963 4234 1074 4300 morte
1101 4229 1254 4303 mulieris
1275 4232 1329 4305 vel
1352 4233 1484 4306 inuitus

221 4349 332 4440 quivis
352 4346 499 4436 audiret,
520 4366 583 4418 nec
602 4347 769 4419 dissimile
788 4350 864 4422 veri
882 4354 935 4422 est
952 4350 1047 4424 illum
1066 4351 1103 4424 id
1121 4361 1273 4427 secutum
1293 4357 1385 4446 quod
1400 4356 1483 4430 Ovi·

222 4476 300 4548 dius
326 4474 500 4567 praecipit
521 4475 618 4547 Rem.
639 4476 717 4547 Am.
739 4479 827 4548 619.
847 4497 906 4566 ss,
930 4482 971 4547 ut
991 4477 1034 4549 de
1061 4478 1231 4552 industria
1254 4500 1387 4552 omnem
1407 4482 1483 4556 eins

220 4601 575 4673 commemorationem
608 4607 711 4692 atque
749 4600 1012 4673 admonitionem
1048 4601 1196 4693 fugeret.
1233 4604 1333 4693 Quod
1366 4612 1481 4679 autem
