3166 5146
688 261 903 330 ..93-

156 467 228 541 Sed
255 468 312 539 hic
337 469 541 558 Propertius
568 490 635 539 non
655 477 825 559 perpetuo
845 490 1005 541 sermone
1025 470 1153 560 utitur,
1184 470 1369 541 sedunum
1390 470 1435 542 de

157 592 347 664 Amoribus
377 593 573 683 loquentem
602 593 748 664 inducit.
793 591 1006 682 Quamquam
1034 593 1091 693 liic
1120 613 1256 682 quoque
1285 614 1435 667 careae
1472 610 1475 614 ·

154 716 266 787 malae
284 737 409 806 preces
429 717 662 807 suscipiantur
681 722 717 788 et
735 718 918 807 postmodo
937 717 980 789 ab
1002 717 1123 788 eodem
1140 717 1267 788 Amore
1287 718 1437 807 explica·

155 845 214 910 tur
241 845 278 911 et
304 841 420 929 paullo
448 846 528 911 ante
554 841 597 911 ab
618 842 693 930 ipso
714 847 817 930 poeta
836 848 1016 912 narratum
1035 846 1099 913 est.
1139 838 1269 927 Quodsi
1287 848 1436 931 apparet

155 984 198 1034 ex
225 963 269 1035 iis
298 944 386 1053 quae
415 963 595 1065 attulimus
623 965 895 1036 detestationem
925 986 999 1035 eam
1028 966 1139 1054 ipsam
1161 965 1339 1054 propriam
1358 985 1436 1036 esse

155 1086 290 1178 sedem,
320 1093 359 1159 ut
387 1109 408 1158 a
436 1088 624 1159 sceleribus
653 1109 741 1177 quae
769 1090 847 1178 quis
877 1090 1091 1160 commiserit
1113 1095 1217 1176 atque
1237 1109 1258 1159 a
1276 1089 1374 1161 malis
1392 1089 1436 1161 iis

156 1234 244 1304 quae
273 1211 428 1284 effecerit
456 1213 501 1283 ad
529 1234 587 1283 eas
611 1219 829 1285 transeatur:
858 1235 919 1284 cnr
937 1213 995 1285 hic
1016 1212 1167 1302 Cynthia
1186 1234 1206 1282 a
1224 1214 1355 1284 misera
1373 1234 1436 1284 sua

155 1342 268 1409 morte
293 1342 329 1408 et
351 1338 532 1426 sepultura
550 1337 594 1408 ad
613 1343 777 1409 auctores
796 1339 870 1408 eius
890 1336 1115 1408 detestandos
1133 1357 1200 1406 non
1221 1342 1300 1426 apte
1320 1342 1435 1408 trans-

155 1461 207 1530 ire
234 1462 415 1532 rideatur?
436 1500 486 1512 -
507 1461 616 1550 Quam
645 1481 727 1531 vero
748 1483 816 1532 non
837 1461 933 1531 nevit
955 1461 1229 1532 Luettiohannes
1249 1460 1305 1531 vel
1329 1461 1436 1530 animi

155 1582 297 1655 humani
315 1585 372 1657 vel
391 1585 523 1675 elegiae
543 1591 717 1674 naturam,
738 1586 767 1655 si
786 1592 865 1655 ante
884 1606 934 1655 vs.
954 1588 1014 1656 39.
1035 1606 1158 1656 novam
1173 1585 1318 1655 amicam
1333 1604 1435 1655 accu·
1510 1675 1512 1680 ,

156 1708 266 1778 ratius
286 1697 495 1799 descriptam
515 1708 623 1780 fuisse
644 1710 858 1799 suspicatur!
885 1706 961 1795 Qua
980 1709 1024 1778 de
1048 1728 1089 1778 re
1114 1728 1181 1797 quo
1205 1709 1339 1780 rectius
1362 1709 1434 1779 exi-

157 1832 346 1923 stimemus,
362 1832 540 1904 videamus
555 1833 726 1923 quomodo
736 1832 940 1922 Propertius
955 1831 999 1903 de
1017 1832 1073 1920 iis,
1089 1833 1215 1920 quibus
1230 1832 1434 1924 aemulatur,

158 1954 271 2027 dicere
291 1957 414 2028 soleat.
694 1957 719 1965 ”
1437 1946 1442 1955 ’

158 2199 217 2294 ΠΙ,
236 2205 297 2274 20.
314 2202 362 2271 in.
380 2199 519 2291 Credis,
537 2201 664 2289 inquit,
683 2221 762 2271 eum
781 2201 850 2270 iam
865 2220 968 2288 posse
982 2203 1066 2270 tuae
1080 2199 1276 2270 meminisse
1290 2197 1435 2291 figurae,

424 2325 557 2396 Vidisti
575 2346 596 2394 a
614 2323 705 2395 lecto
727 2343 829 2412 quem
850 2323 933 2391 dare
951 2322 1029 2392 vela
1046 2321 1132 2391 tuo?

370 2445 492 2515 Durus
512 2446 571 2533 qui
589 2447 688 2515 lucro
706 2445 825 2534 potuit
842 2449 977 2514 mutare
996 2443 1159 2532 puellam.

425 2569 571 2640 Tantine
589 2569 645 2639 his
664 2568 819 2640 lacrimis
838 2567 961 2639 Africa
980 2573 1055 2639 tota
1072 2566 1162 2638 fuit?

155 2816 203 2908 II,
216 2819 278 2907 24,
293 2818 409 2887 23.ss.
428 2813 625 2887 Contendat
644 2835 778 2886 mecum
798 2814 950 2904 ingenio,
971 2815 1159 2886 contendat
1177 2822 1212 2886 et
1232 2820 1320 2906 orte,
1396 2796 1398 2799 ¹

476 2940 653 3029 Imprimis
672 2960 741 3008 una
760 2939 874 3009 discat
891 2959 1010 3009 amare
1030 2937 1142 3007 domo.

372 3078 378 3090 ·
425 3062 463 3133 Si
482 3062 621 3131 libitum
639 3060 705 3131 tibi
724 3061 803 3147 erit,
824 3061 999 3129 Lernaeas
1019 3066 1149 3148 pugnet
1167 3059 1212 3130 ad
1230 3060 1361 3150 hydras

476 3185 525 3255 Et
543 3185 608 3255 tibi
627 3183 670 3255 ab
690 3183 861 3273 Hesperio
880 3183 972 3253 mala
991 3182 1140 3253 dracone
1159 3180 1261 3271 ferat,

425 3309 533 3380 Tetra
551 3329 682 3381 venena
700 3308 812 3380 libens
833 3305 868 3378 et
885 3305 1074 3398 naufragus
1094 3306 1211 3378 ebibat
1228 3308 1339 3379 undas

477 3433 528 3503 Et
545 3453 721 3521 nunquam
740 3454 803 3521 pro
825 3440 858 3503 te
879 3431 1028 3521 deneget
1047 3453 1122 3502 esse
1140 3432 1309 3503 miser-

425 3554 519 3643 Ques
536 3557 669 3626 utinam
689 3558 725 3626 in
743 3556 856 3644 nobis
877 3556 960 3645 vita,
981 3556 1165 3645 experiare
1183 3555 1321 3627 labores
1332 3596 1382 3608 -

479 3681 552 3752 lam
571 3681 636 3750 tibi
656 3678 699 3750 de
720 3679 851 3750 timidis
870 3680 938 3750 iste
957 3686 1143 3768 protervus
1163 3681 1239 3767 erit,
1260 3718 1312 3732 -

426 3802 492 3891 Qui
511 3824 600 3875 nunc
621 3824 657 3874 se
677 3804 711 3873 in
726 3804 896 3874 tumidnm
909 3803 1070 3875 iactando
1086 3803 1367 3875 venitbonorem.
1386 3843 1437 3856 -

159 4052 206 4144 II,
224 4057 286 4144 25,
304 4055 365 4123 21.
382 4071 411 4122 s.
423 4051 484 4122 vTu
504 4072 640 4141 qunque
661 4051 720 4140 qui
738 4052 840 4140 pleno
859 4048 973 4121 fastus
992 4050 1139 4120 assumis
1158 4070 1289 4141 amore,

481 4173 645 4264 Credule,
667 4175 760 4244 nulla
778 4176 837 4245 diu
855 4173 982 4245 femina
1000 4175 1136 4263 pondus
1155 4173 1260 4246 habet·

306 4406 367 4474 29.
390 4424 416 4473 s.
438 4403 490 4473 Tu
508 4408 625 4474 tamen
645 4405 781 4475 interea
800 4403 958 4490 quamvis
977 4410 1012 4473 te
1033 4402 1156 4492 diligat
1174 4404 1232 4475 illa

482 4529 521 4598 ln
541 4529 647 4600 tacito
667 4529 788 4601 cohibe
807 4528 935 4617 gaudia
954 4529 1070 4599 clausa
1090 4529 1242 4600 sinu.—
