3166 5146
595 222 887 307 7-75-

179 442 225 532 ll,
249 448 332 515 503.
355 466 400 514 ss.
422 442 569 515 Pulcher
587 450 623 512 et
641 442 787 512 hnmano
808 443 914 512 maior
932 441 1119 529 trabeaque
1140 443 1284 512 decorus
1332 497 1336 503 .

469 569 631 638 Romulus
651 571 684 636 in
702 567 814 637 media
832 567 927 636 visus
945 566 1065 636 adesse
1086 566 1140 636 via

417 693 462 762 Et
482 693 608 762 dixisse
627 692 726 762 simul
749 730 792 741 -

226 884 287 968 ΙΙΙ,
314 889 396 956 l7l.
421 926 465 937 —
491 924 535 937 -
558 925 608 935 -
628 886 676 954 sic
697 885 808 972 posita
827 884 915 953 dixit
934 884 1018 952 mihi
1036 884 1168 953 casside
1188 882 1340 972 Mavors,

470 1009 533 1079 Sed
555 1018 668 1078 tamen
689 1009 721 1077 iu
743 1008 866 1078 dextra
886 1007 1026 1077 missilis
1045 1008 1145 1079 hasta
1163 1004 1239 1077 luit.

156 1225 322 1310 Denique,
345 1225 465 1295 utalia
485 1226 672 1312 mittamus,
693 1223 783 1314 quod
806 1223 914 1293 forma
938 1222 1041 1292 etiam
1066 1232 1101 1292 et
1122 1222 1237 1292 verbis
1261 1221 1411 1307 Proper-

155 1351 247 1418 tiano
267 1351 377 1419 versui
397 1350 541 1419 similius
562 1361 626 1435 est,

154 1549 248 1620 Fast.
274 1551 312 1621 V.
339 1555 423 1622 193.
445 1573 472 1622 s,
495 1550 550 1621 Sic
572 1572 655 1639 ego:
678 1551 726 1619 sic
746 1552 874 1620 nostris
899 1547 1075 1637 respondit
1094 1548 1181 1616 Diva
1206 1547 1349 1663 rogatis.

550 1675 639 1744 Dum
660 1674 824 1762 loquitur,
846 1693 967 1743 vernas
986 1671 1079 1742 efflat
1098 1672 1140 1741 ab
1160 1691 1219 1741 ore
1238 1690 1346 1740 rosas.

156 1866 285 1953 Quodsi
309 1867 345 1935 in
369 1867 423 1936 bis
448 1868 591 1956 aliisque
619 1867 926 1937 innumerabilibus
949 1865 1111 1953 exemplis
1136 1864 1414 1952 qualisquisque

155 1989 236 2058 dum
256 1989 410 2077 loquitur
434 1988 539 2060 fuerit
562 1991 802 2080 perscribitur,
828 1991 908 2079 quid
932 1997 985 2060 est
1012 2010 1075 2058 cur
1096 1988 1194 2058 lenae
1213 1971 1413 2076 Propertio·

157 2133 221 2182 nae
245 2110 344 2183 foeda
367 2115 494 2184 macies
518 2117 673 2184 oratione
696 2116 852 2202 exposita
875 2114 939 2184 non
963 2125 1182 2203 memoretur,
1211 2134 1287 2183 cum
1312 2134 1411 2200 prae·

156 2238 273 2304 sertim
294 2236 352 2305 tali
373 2238 507 2307 mulieri
527 2239 604 2307 talis
623 2239 736 2308 oratio
756 2240 900 2308 maxime
925 2238 971 2308 sit
994 2247 1235 2321 corrsentanea‚
1259 2255 1411 2323 quaeque
1438 2231 1443 2242 '

154 2379 197 2428 ex
215 2362 408 2448 praeceptis
428 2363 500 2430 eius
528 2365 684 2432 nascitur
710 2361 898 2449 indignatio
929 2361 1141 2448 turpitudine
1168 2360 1413 2447 praecipientis

157 2483 282 2552 mirum
307 2485 341 2553 in
365 2484 501 2554 modum
531 2486 719 2571 augeatur?
739 2522 789 2537 -
809 2482 882 2571 Quo
911 2503 993 2553 vero
1016 2486 1092 2552 iure
1114 2502 1251 2552 versum
1272 2484 1332 2552 70.
1354 2502 1413 2551 ne-

152 2617 256 2693 gatur
279 2627 357 2678 cum
384 2610 549 2695 proximis
578 2629 654 2678 esse
683 2609 927 2679 coniunctum?
956 2608 1043 2678 Nam
1072 2607 1210 2678 sordida
1236 2608 1350 2696 inopia
1378 2613 1414 2675 et

153 2729 339 2820 pergula,
361 2739 400 2801 ut
421 2732 510 2820 apud
529 2732 727 2802 Petronium
746 2730 815 2803 Sat.
839 2735 897 2801 74.
920 2733 1000 2824 (Hic
1020 2733 1077 2821 qui
1097 2732 1130 2800 in
1152 2732 1295 2821 pergula
1313 2738 1412 2801 natus

154 2864 219 2941 est,
240 2853 341 2924 aedes
362 2875 430 2924 non
449 2856 619 2943 somniat),
647 2863 682 2924 et
705 2855 858 2944 algenti
882 2855 971 2925 foco
994 2856 1188 2941 iudicatum
1213 2854 1332 2924 eadem
1352 2877 1413 2926 au-

157 2988 226 3047 tem
256 2984 291 3048 et
318 2986 397 3048 ante
424 2979 620 3049 declaratur
650 2979 856 3066 tegetibus
885 2980 1067 3065 paternis
1101 2987 1136 3046 et
1164 2985 1242 3064 post
1269 2978 1414 3049 sordidis

155 3103 319 3192 exequiis,
339 3110 379 3172 ut
397 3122 528 3171 omnem
548 3102 639 3171 hunc
663 3100 775 3170 locum
801 3101 837 3169 in
859 3101 977 3170 eadem
1002 3121 1040 3169 re
1064 3102 1217 3169 consumi
1239 3109 1411 3190 appareat.

156 3226 228 3298 Nec
255 3218 398 3295 dubium
426 3231 489 3312 est,
519 3245 580 3294 cur
611 3225 666 3295 hio
692 3225 907 3312 potissimum
935 3245 975 3295 ea
1003 3246 1058 3294 res
1088 3231 1287 3314 exponatur.
1316 3223 1414 3311 Quod

158 3352 244 3420 enim
267 3349 408 3420 Ovidius
427 3351 504 3418 Am.
525 3348 552 3435 l,
575 3353 609 3435 8,
629 3356 715 3419 extr.
733 3371 753 3419 a
771 3350 824 3419 dis
842 3351 930 3437 petit
949 3355 987 3419 ut
1006 3371 1069 3437 pro
1084 3350 1242 3438 turpibus
1262 3348 1414 3420 consiliis

156 3474 251 3543 lenae
271 3476 445 3544 tribuatur
465 3510 511 3522 -
528 3472 738 3560 nullosque
757 3474 864 3544 lares
883 3473 1123 3561 inopemque
1143 3482 1347 3544 senectam
1362 3515 1412 3526 -
1502 3468 1504 3473 ’

157 3596 191 3668 id
212 3599 411 3686 Propertius
430 3597 572 3668 deorum
593 3595 755 3667 beneficio
776 3608 897 3667 narrat
916 3617 991 3666 esse
1013 3597 1141 3667 datum.

239 3791 384 3862 Sextae
404 3792 533 3881 elegiae
553 3791 823 3862 Luettiohannos
843 3792 972 3862 medios
990 3811 1120 3877 versus,
1149 3790 1206 3878 qui
1228 3800 1306 3858 sunt
1324 3810 1345 3858 a
1362 3811 1412 3860 vs.

165 3917 205 3987 ll
234 3958 277 3969 -
303 3920 362 3989 68.

370 4094 470 4163 lllusa
489 4093 635 4163 Palatini
656 4090 844 4163 reseremus
866 4091 1028 4182 Apollinis
1048 4091 1165 4161 aedem
1187 4131 1231 4141 -

299 4259 349 4269 -
368 4217 446 4288 Una
464 4219 582 4287 decern
601 4219 685 4289 vicit
702 4219 805 4288 missa
824 4219 949 4306 sagitta
968 4223 1071 4287 rates.
1096 4257 1143 4267 —

159 4413 251 4504 ipsos
269 4414 441 4502 integrum
465 4432 538 4482 esse
567 4432 703 4483 carmen
729 4419 831 4501 atque
856 4433 876 4482 a
899 4412 1023 4482 ceteris
1046 4411 1264 4501 separandos,
1289 4420 1327 4482 ut
1344 4413 1411 4482 duo
1509 4471 1510 4475 ,

158 4537 241 4608 liant
259 4558 300 4609 ox
321 4558 385 4607 uno
405 4539 567 4625 carmine,
588 4537 792 4608 arbitratur.
814 4536 902 4608 Nam
922 4537 1082 4624 primum,
1102 4536 1131 4606 si
1150 4557 1216 4606 una
1235 4543 1325 4605 esset
1343 4535 1411 4604 ele-
