3166 5146
621 223 893 333 ¹—55-

153 434 234 503 liter
254 434 501 523 accipiendum,
522 440 561 504 ut
579 435 607 522 l,
632 439 692 522 14,
717 439 748 504 1.
776 435 880 505 unda
909 406 1119 524 Tiberina,
1146 441 1181 504 et
1208 434 1421 535 ustus-de-

155 556 265 626 color
294 564 389 629 recte
414 559 612 648 expeditum
640 579 715 630 esse
740 558 1015 644 ahachmanno;
1046 560 1105 646 qui
1134 559 1287 648 quidem,
1315 557 1423 629 Ustus

156 682 308 772 decolor,
328 684 454 773 inquit,
481 704 633 772 expone:
658 684 809 772 decolor,
835 685 916 772 quia
939 691 1049 754 ustus.
1076 684 1297 773 Relinquitur
1320 684 1425 773 igitur

156 827 208 877 vs.
232 810 279 894 7.,
310 807 369 877 uhi
397 828 472 878 cum
501 809 680 879 iteratos
709 828 781 896 per
810 815 922 878 ortus
950 830 1016 878 non
1039 809 1088 878 sic
1112 809 1223 898 possit
1245 807 1367 896 accipi,
1388 812 1431 875 ut·
1544 788 1548 795 ’

157 929 241 1000 alibi
269 931 322 1001 sol
350 939 411 1002 aut
446 933 514 1002 alia
543 932 659 1002 sidera
687 932 815 1002 iterare
844 939 941 1002 ortus
969 933 1155 1022 dicuntur,
1194 953 1269 1003 cum
1297 932 1426 1001 iterum

158 1054 330 1144 oriuntur,
352 1056 498 1126 maxime
518 1057 590 1127 ueri
611 1057 723 1126 simile
741 1055 827 1127 illud
847 1056 996 1144 videtur,
1017 1056 1107 1145 quod
1123 1057 1298 1128 Lucienus
1314 1053 1427 1126 Muel-

158 1179 255 1250 lerus
274 1178 418 1269 profert,
438 1202 514 1252 cum
537 1181 572 1250 in
596 1180 784 1270 archetypo
804 1181 898 1270 quod
916 1182 1080 1269 scriptum
1100 1180 1208 1252 fuerit
1227 1202 1292 1252 non
1312 1189 1430 1268 potue·

160 1304 208 1373 rit
235 1304 323 1394 legi,
357 1327 399 1377 ea
431 1306 537 1376 verba
570 1309 604 1374 iu
634 1306 864 1394 Neapolitano
893 1308 1040 1395 omissa,
1070 1307 1104 1375 in
1135 1305 1355 1394 Groningano
1390 1325 1430 1374 ea

120 1441 121 1444 ’
161 1429 290 1517 scripta
313 1451 400 1517 esse,
428 1451 515 1520 quae
539 1431 604 1500 etsi
633 1451 698 1501 non
727 1430 1005 1519 intelligerentur
1033 1430 1074 1500 ad
1103 1430 1224 1499 literas
1252 1429 1429 1517 archetypi

160 1553 316 1640 proxime
344 1555 549 1625 viderentur
578 1554 752 1624 accedere.
783 1554 882 1624 Hunc
910 1555 1019 1644 igitur
1045 1555 1159 1624 locum
1189 1554 1367 1623 mittamus
1395 1559 1431 1621 et

160 1677 336 1748 veniamus
356 1680 400 1748 ad
419 1700 469 1749 vs.
492 1682 552 1749 29.

243 1803 291 1871 At
316 1803 400 1872 mihi
428 1823 504 1872 cum
533 1807 653 1873 noctes
681 1803 817 1872 induxit
841 1801 978 1890 Vesper
1002 1824 1205 1872 amaras-
1225 1809 1306 1873 ante
1331 1778 1431 1888 quem

162 1945 299 1994 versum
317 1926 588 1996 Luettiohannes
607 1926 750 1997 collocat
768 1947 836 1996 uss.
856 1929 905 1995 43
931 1964 975 1977 —
1000 1928 1059 1996 50.

173 2212 176 2217 .
271 2154 367 2224 Felix
386 2155 591 2245 Hippolyte!
611 2157 704 2225 nuda
723 2155 803 2225 tulit
821 2176 918 2225 arma
936 2155 1064 2244 papilla

322 2278 370 2348 Et
391 2278 478 2347 texit
495 2278 595 2366 galea
615 2277 764 2348 barbara
783 2278 882 2349 molle
901 2287 1016 2367 caput.

272 2401 433 2470 Romanis
452 2402 584 2471 utinam
604 2402 801 2489 patuissent
821 2408 937 2470 castra
954 2401 1092 2488 puellis!

325 2524 447 2594 Essem
467 2524 612 2593 militiae
631 2524 768 2593 sarcina
786 2522 855 2593 fida
874 2532 966 2593 tuae.

273 2647 344 2717 Nec
364 2668 417 2716 me
436 2645 617 2717 tardarent
635 2646 795 2736 Scythiae
815 2649 906 2736 iuga,
927 2667 1003 2717 cuni
1023 2653 1123 2735 pater
1143 2646 1229 2717 altas

326 2771 453 2858 Aprica
472 2771 507 2840 in
526 2771 671 2858 glaciem
691 2767 821 2860 frigore
840 2771 948 2841 nectit
965 2792 1084 2860 aquas.

272 2893 390 2966 Omnis
410 2915 506 2965 amor
525 2915 683 2984 maguus²
704 2894 765 2965 sed
783 2902 905 2984 aperto
924 2895 960 2964 in
980 2897 1128 2984 coniuge
1147 2896 1277 2965 maior:

326 3019 422 3088 Hanc
441 3018 562 3088 Venus
583 3025 621 3087 ut
640 3019 735 3087 vivat
753 3017 899 3087 ventilat
916 3018 991 3105 ipsa
1009 3015 1136 3104 facem;
1158 3058 1209 3068 -

168 3250 217 3320 sic
238 3257 366 3334 tamen,
388 3256 427 3317 ut
445 3255 479 3317 et
498 3254 577 3337 post
594 3249 659 3319 hos
678 3268 799 3319 versus
826 3247 1007 3318 nonnullos
1030 3253 1130 3335 putet
1152 3268 1273 3317 versus
1303 3249 1443 3319 interci-
1539 3226 1544 3236 ’

170 3373 274 3461 disse,
305 3371 430 3461 quihus
461 3393 496 3441 se
516 3373 693 3443 Arethusa
722 3372 916 3444 declararet
940 3379 1082 3460 propter
1111 3373 1266 3463 coniugis
1290 3393 1440 3444 amorem

172 3496 307 3568 facilius
328 3502 443 3567 castra
462 3495 687 3567 toleraturam
707 3517 795 3584 esse,
816 3503 850 3567 et
869 3494 960 3566 infra
978 3501 1059 3566 ante
1079 3518 1129 3566 vs
1154 3499 1214 3566 51.

281 3709 369 3779 Nam
390 3708 474 3777 mihi
494 3707 586 3796 quo?
604 3707 728 3777 Poenis
749 3707 813 3778 tibi
833 3728 989 3798 purpura
1007 3705 1139 3795 fulgeat
1158 3710 1265 3779 ostris
1286 3750 1336 3759 -

173 3942 295 3993 rursus
314 3920 446 4010 aliquot
469 3920 640 3992 excidisse
662 3940 797 4010 versus,
827 3920 952 4010 quibus
977 3941 1014 3990 se
1039 3921 1155 3991 luctus
1179 3939 1282 3990 causa
1306 3921 1445 3992 sordida

174 4048 224 4118 uti
253 4052 350 4116 veste
374 4042 610 4133 profiteretur.
641 4043 748 4115 Cuius
778 4045 947 4134 opinionis
976 4048 1180 4135 argumenta
1209 4065 1251 4113 ex
1278 4044 1332 4115 his
1361 4046 1445 4116 locis

173 4170 313 4260 promit.
333 4167 490 4238 Primum
511 4177 627 4256 exuat,
653 4168 746 4258 quod
771 4175 824 4241 est
845 4169 881 4238 in
900 4190 949 4239 vs.
977 4172 1039 4239 29.
1064 4166 1152 4238 Nam
1176 4168 1210 4237 in
1234 4189 1273 4239 eo
1293 4170 1353 4258 qui
1372 4176 1445 4241 tra·

175 4295 268 4366 ditus
288 4295 333 4364 sit
357 4313 518 4364 versuum
548 4293 669 4364 ordine
699 4313 768 4362 non
796 4293 946 4382 perspici
969 4292 1053 4383 quid
1083 4292 1138 4363 cui
1165 4304 1380 4382 opponatur:
1411 4302 1448 4363 at

177 4419 355 4507 aptissime
374 4418 405 4487 ei
431 4437 519 4507 quae
542 4417 719 4488 absentem
743 4417 904 4488 maritum
933 4417 1090 4506 deploret
1111 4416 1304 4489 Arethusae
1325 4415 1446 4505 opponi

178 4543 320 4614 eandem
341 4543 507 4631 Lycotam
533 4542 568 4610 in
586 4541 713 4612 bellum
737 4543 966 4613 comitantem.
994 4541 1126 4611 Deinde
1152 4563 1193 4612 ex
1216 4540 1448 4628 descriptione
