3166 5146
697 274 902 340 ...53-

272 477 405 569 Quippe
425 489 472 569 et,
495 480 648 553 Collinas
668 483 711 553 ad
731 481 858 553 fossam
877 486 1024 555 moverit
1043 460 1181 573 herbas

323 604 456 710 Stantia
475 608 629 677 currenti
649 606 864 678 diluerentur
882 629 991 698 aqua;
1012 648 1063 662 -

117 887 119 891 ¹
165 874 267 940 qnam
298 853 341 924 ad
372 856 580 944 opinionem,
601 867 640 926 ut
664 856 763 926 brevi
788 859 1008 949 complectar,
1033 859 1088 928 his
1112 860 1306 931 rationibus
1323 862 1432 933 addu-

164 979 264 1047 citur.
291 978 445 1049 Primum
470 982 569 1051 velit
593 1020 643 1034 -
663 983 817 1068 poterit
838 982 925 1053 falso
950 984 1020 1053 dici
1044 985 1095 1054 ait
1117 986 1158 1054 de
1181 992 1320 1056 mortua
1341 987 1431 1057 lena.

164 1101 297 1172 Deinde
316 1104 430 1191 inepte
450 1107 601 1194 positum
621 1109 785 1197 quippe,
811 1128 877 1196 qua
901 1109 1032 1177 causali
1050 1109 1222 1198 particula
1241 1111 1430 1199 scriptores

165 1228 361 1298 uberiorem
383 1250 500 1300 eorum
521 1252 609 1320 quae
629 1230 722 1301 dicta
742 1202 812 1301 siut
831 1234 1081 1322 expositionem
1102 1234 1235 1303 soleant
1252 1234 1428 1308 inducere.

164 1356 251 1426 Tum
272 1379 391 1447 parum
412 1360 636 1450 perspicuum
656 1379 730 1429 esse
756 1381 819 1429 cur
844 1360 971 1430 herbae
995 1361 1040 1431 ad
1062 1357 1188 1430 fossam
1208 1370 1429 1447 moveantur3

163 1503 242 1551 iram
268 1483 410 1554 scrobes
435 1482 535 1552 effodi
560 1505 580 1552 a
603 1483 725 1571 magis,
756 1490 795 1552 ut
816 1479 1033 1554 victimarum
1057 1485 1195 1573 sanguis
1217 1482 1429 1556 infundatur.

162 1607 248 1676 Item
270 1608 422 1676 stantia
440 1607 669 1694 explicatione
689 1628 825 1694 carere3
855 1629 933 1678 nam
952 1628 1015 1677 uec
1035 1609 1147 1698 rigida
1167 1631 1253 1699 quae
1273 1612 1342 1680 sint
1361 1610 1430 1682 dici

161 1732 299 1816 stantia,
319 1731 383 1799 nisi
405 1729 523 1800 addito
542 1731 657 1820 gelu3
678 1752 741 1801 nec
763 1752 849 1819 quae
865 1739 1116 1819 superterram
1132 1734 1345 1821 promineant
1365 1737 1429 1805 etsi

161 1856 296 1941 possint
315 1854 382 1923 diei
402 1857 584 1924 convenire
604 1855 637 1923 iu
659 1861 887 1925 currentem
908 1874 1065 1944 aquarn,
1086 1857 1139 1926 cui
1156 1858 1264 1927 solida
1278 1880 1344 1929 non
1360 1860 1430 1929 alta

163 1979 365 2065 opponenda
381 1978 461 2064 sint,
478 1999 540 2048 neo
559 1977 670 2066 firma,
687 2001 775 2068 quae
794 1981 878 2050 item
898 1987 1007 2051 stare
1028 1991 1120 2051 recte
1140 1983 1311 2070 dicantur,
1332 1993 1429 2054 recte

163 2102 281 2170 eadem
308 2101 376 2170 dici
405 2102 522 2188 dilui,
548 2102 639 2190 quod
668 2103 809 2172 verbum
839 2106 948 2192 magis
977 2107 1010 2174 in
1039 2127 1097 2176 eas
1120 2127 1176 2176 res
1200 2107 1312 2190 cadat,
1343 2129 1428 2197 quae

160 2227 236 2310 ipsa
259 2227 405 2294 materia
429 2227 521 2295 inter
544 2247 580 2296 se
605 2227 836 2312 cohaereant;
866 2250 977 2316 neque
999 2230 1085 2300 illud
1109 2251 1185 2300 esse
1211 2232 1426 2322 miraculum,

160 2349 250 2434 quod
268 2349 323 2417 hic
342 2350 603 2419 memorandum
622 2349 741 2437 fuerit,
766 2352 795 2419 si
820 2373 907 2439 quae
933 2359 1027 2421 stent
1045 2373 1134 2439 aqua
1153 2352 1340 2422 diluantur.
1363 2357 1426 2425 At-

160 2494 225 2560 que
245 2471 335 2541 idem
355 2473 469 2561 aliqua
494 2495 536 2541 ex
560 2480 658 2560 parte
682 2474 724 2542 ad
744 2495 796 2543 vs,
821 2478 880 2542 10.
906 2474 1031 2544 valere.
1057 2474 1237 2545 Postremo
1262 2495 1349 2561 quae
1375 2478 1428 2547 his

157 2597 317 2667 versibus
349 2604 586 2666 memorentur
609 2618 656 2668 >ea
690 2597 732 2667 ad
761 2598 931 2668 amatoria
963 2597 1110 2669 artificia
1142 2620 1208 2669 non
1241 2601 1425 2688 pertinere.

157 2720 248 2808 Quas
276 2722 428 2792 rationes
458 2728 496 2791 ut
526 2721 644 2792 ordine
673 2742 936 2813 persequamur,
968 2725 1030 2794 etsi
1059 2745 1121 2812 pro
1149 2724 1427 2816 velit-poterit

158 2847 318 2915 usitatius
347 2820 492 2915 dixisset
510 2844 735 2933 Propertius:
766 2846 1069 2936 vellet-posset,
1101 2850 1176 2936 quis
1204 2855 1318 2920 tamen
1346 2871 1425 2939 poe-

155 2978 226 3039 tam
246 2970 392 3040 miretur
411 2970 452 3038 de
472 2970 527 3055 iis,
550 2970 607 3058 qui
627 2968 768 3057 fuerint,
793 2977 955 3057 tanquam
984 2971 1054 3040 sint
1072 2970 1177 3059 loqui,
1203 2991 1279 3041 curn
1299 2974 1362 3043 hoc
1383 2996 1424 3044 ne

157 3115 175 3162 a
195 3093 308 3163 soluta
330 3093 467 3181 quidem
489 3093 643 3162 oratione
663 3092 764 3180 plane
783 3091 932 3161 alienum
952 3094 1024 3162 sit?
1044 3093 1116 3164 Nec
1137 3094 1245 3164 solum
1259 3116 1424 3183 praeseus

156 3219 361 3288 historicum
373 3218 462 3308 quod
475 3219 508 3287 in
519 3217 694 3288 narrando
705 3217 834 3287 dicitur
848 3224 907 3288 aut
924 3209 1142 3312 ἀποστροφὴν
1157 3219 1313 3309 dicimuS,
1326 3223 1424 3293 cuius

155 3344 310 3432 exempla
340 3348 420 3412 sunt
447 3340 745 3430 frequentissima:
775 3342 959 3412 admodum
990 3343 1149 3414 similiter
1176 3345 1248 3432 ipse
1272 3344 1406 3434 Proper

155 3468 225 3537 tius
244 3467 288 3557 II,
315 3473 345 3556 l,
373 3471 433 3538 39.
459 3465 524 3536 Sed
548 3487 671 3557 neque,
696 3467 820 3555 inquit,
844 3467 1055 3556 Phlegraeos
1078 3468 1171 3538 Iovis
1190 3468 1423 3559 Enceladique

155 3592 325 3661 tumultus
344 3592 483 3676 Intonat
504 3597 649 3680 angusto
672 3601 815 3679 pectore
837 3590 1082 3679 Callimachus,
1103 3631 1154 3642 -
1174 3593 1239 3661 etsi
1260 3613 1337 3663 curn
1357 3594 1423 3664 hoc

155 3719 321 3805 scriptum
347 3722 402 3784 est
420 3715 650 3786 Callimachus
674 3735 742 3783 non
764 3716 875 3785 minus
899 3735 999 3803 quam
1024 3714 1109 3784 haec
1131 3713 1209 3783 lena
1234 3724 1311 3786 erat
1334 3736 1424 3786 uror-

131 3848 244 3910 -tuus
266 3839 332 3908 Hic
351 3859 433 3908 vero
453 3860 617 3927 praesens
646 3846 681 3908 et
708 3836 862 3911 futurum
887 3859 927 3908 eo
952 3839 1065 3908 minus
1089 3837 1328 3909 admirationis
1347 3861 1420 3910 mo-

154 3971 246 4054 vent,
267 3963 358 4052 quod
373 3962 440 4033 iam
455 3965 564 4034 altero
585 3984 687 4034 versu
708 3963 753 4032 ad
770 3962 883 4033 lenam
904 3964 1003 4052 quasi
1023 3964 1116 4033 vivat
1131 3962 1279 4032 dicitur:
1300 3963 1348 4033 Et
1362 3970 1421 4035 tua

154 4089 257 4176 quod
284 4109 359 4157 nnn
389 4088 449 4156 vis
480 4089 608 4158 sentiat
630 4088 752 4158 umbra
781 4088 884 4156 sitim.
912 4066 999 4158 Nam
1026 4088 1054 4158 si
1080 4108 1200 4157 verum
1224 4088 1420 4176 quaerimus

153 4213 228 4301 ipsa
250 4213 317 4282 iam
346 4233 413 4282 uon
441 4217 577 4299 poterat
601 4212 699 4301 velle,
722 4212 845 4282 umbra
868 4219 1018 4301 poterat.
1045 4211 1167 4301 Neque
1193 4210 1307 4283 obstat
1334 4213 1420 4283 illud

153 4342 333 4426 cogeret,
355 4336 443 4423 qnod
462 4345 516 4407 est
534 4337 568 4405 in
588 4356 638 4408 vs.
660 4340 694 4407 8.
713 4336 923 4427 (Penelopen
943 4358 1078 4426 quoque
1099 4337 1257 4426 neglecto
1277 4357 1418 4407 rumore

152 4462 268 4530 mariti
282 4461 423 4531 Nubere
441 4459 571 4530 lascivo
591 4466 731 4549 cogeret
750 4460 945 4549 Antinoo.);
969 4461 1041 4530 illic
1059 4462 1148 4530 euim
1168 4461 1211 4531 de
1229 4461 1417 4550 praeterito

151 4591 319 4673 tempore,
349 4584 404 4654 hic
429 4584 471 4654 de
499 4585 675 4673 praesenti
702 4583 839 4654 dicitur.
869 4584 1041 4673 Deinceps
1070 4585 1219 4674 quippe
1248 4581 1417 4672 particula
