3166 5146
626 239 836 306 ..9-

94 441 176 530 quid
201 443 389 532 amitteret,
416 451 454 515 ut
476 412 659 537 antequam
681 447 826 520 haberet
849 453 1006 521 mortuus
1025 457 1117 522 00001
1135 404 1288 542 optavit?
1312 494 1357 507 -

94 564 200 656 Optat
218 568 282 639 boc
301 568 425 639 Medea
443 572 535 659 apud
555 570 717 643 Ovidium
736 572 819 643 Her.
841 574 919 663 XII,
942 579 975 644 2.
998 596 1043 646 ss.

99 745 103 756 ·
201 710 297 780 Tune
316 731 404 800 quae
423 711 624 803 dispensant
643 714 800 786 mortalia
818 714 886 804 fila,
907 737 1047 788 sorores

280 836 487 908 Debuerunt
505 835 599 909 10000
618 839 787 910 evoluisse
807 861 913 911 meos.

126 984 129 989 ¹
200 959 297 1030 Tunc
314 961 412 1049 potui
432 960 558 1033 Medea
576 963 662 1033 mori
681 963 785 1034 bene:
811 965 976 1054 quidquid
996 967 1039 1037 ab
1059 966 1118 1037 1110

280 1085 435 1156 Produxi
455 1087 546 1158 vitae
565 1092 721 1177 tempore
741 1109 851 1178 poena
869 1088 936 1160 fuit
957 1113 1026 1177 —;

97 1252 197 1334 optat
215 1246 342 1317 ibidem
361 1245 423 1336 XI,
446 1251 507 1317 21.
532 1248 683 1318 Canace:

202 1388 231 1461 Ο
251 1390 381 1460 utinam
402 1389 568 1460 Macareu
591 1411 678 1478 quae
697 1412 762 1462 nos
781 1391 951 1461 commisit
970 1391 1002 1459 in
1022 1411 1128 1461 uuum

281 1513 444 1585 Venisset
462 1515 532 1586 leto
553 1515 666 1585 serior
683 1515 770 1587 hora
789 1518 881 1587 meo!
904 1556 974 1606 -,

96 1683 215 1766 optant
239 1677 296 1748 alii
321 1677 425 1747 etiam
450 1677 561 1767 multi,
591 1697 674 1765 quos
697 1676 947 1768 proferremus,
973 1679 1038 1748 uisi
1062 1698 1120 1749 res
1143 1677 1364 1769 apertissima

96 1804 383 1878 documentorum
402 1807 503 1895 copia
521 1807 622 1877 citius
642 1806 888 1878 obscuraretur
912 1828 1012 1896 quam
1036 1808 1282 1878 illustraretur.

179 1928 338 2000 Vidimus
362 1928 465 2017 primi
489 1931 682 2020 argumenti
712 1930 999 2022 Lachmanniani,
1030 1931 1122 2021 quod
1150 1925 1364 2019 expertius

100 2075 187 2145 quae
210 2059 311 2143 putat
335 2056 546 2127 carminibus
565 2056 738 2146 Propertii
761 2061 861 2127 etex
884 2056 1092 2146 perturbato
1116 2077 1218 2147 quem
1243 2053 1365 2124 statuit

96 2179 177 2250 libri
196 2180 338 2250 secundi
358 2185 452 2250 statu
475 2183 660 2272 repetitur,
687 2202 754 2253 non
777 2202 934 2270 maguam
959 2203 1036 2254 esse
1060 2182 1268 2252 firmitatem.
1295 2177 1366 2251 Sed

97 2304 128 2374 ei
148 2309 351 2392 argumento
371 2326 414 2375 ue
433 2305 483 2376 illi
503 2306 654 2397 quidem,
680 2308 806 2396 quibus
836 2309 986 2397 quinque
1010 2329 1074 2397 pro
1099 2314 1248 2396 quatuor
1267 2303 1386 2398 libris,

83 2428 244 2518 placent,
270 2429 415 2500 multum
434 2431 604 2502 tribuunt.
633 2431 818 2502 Teuffelins
843 2436 937 2500 certe
960 2431 995 2499 in
1018 2431 1162 2501 historia
1185 2429 1366 2498 literarum

98 2556 329 2627 Romanarum
347 2554 570 2645 (Gescbicbte
590 2555 866 2627 deermiscben
879 2555 1055 2626 Literatur
1074 2547 1364 2627 0001118.Τοοΐ-

87 2681 154 2752 101.
176 2681 332 2770 Leipzig,
357 2682 470 2769 1870)
489 2702 522 2769 0.
545 2683 633 2751 448.
660 2681 724 2751 hoc
745 2681 870 2751 omisso
890 2681 1025 2771 reliqua
1043 2685 1176 2751 tanturn
1190 2678 1265 2760 Ι(100
1284 2697 1364 2767 pro·
1482 2682 1505 2779 s

98 2807 176 2878 sert.
208 2806 359 2895 Quorum
385 2806 412 2875 si
438 2827 557 2876 verum
583 2806 781 2896 quaerimus
807 2826 872 2876 uon
902 2805 1014 2896 major
1035 2805 1088 2876 vis
1110 2810 1173 2876 est.
1204 2803 1253 2876 Ut
1275 2802 1365 2874 enim
1452 2844 1461 2877 -,
1543 2796 1550 2801 ’

99 2933 166 3002 iam
184 2930 228 3000 ad
247 2939 318 3000 tres
337 2930 414 3000 illos
432 2929 566 3000 libellos
586 2932 780 3017 veniamus,
811 2929 903 2999 aliud
925 2928 1030 2999 liber
1054 2934 1108 3000 est
1126 2929 1220 3000 aliud
1243 2927 1364 2998 libel·
1458 2906 1507 3014 ³2}

99 3058 178 3142 lus;
199 3056 290 3144 quod
320 3053 505 3125 discrimen
531 3054 648 3142 attigit
670 3054 887 3124 Brunnerius
911 3055 945 3123 in
970 3053 1038 3124 illis
1062 3075 1149 3143 quae
1169 3052 1211 3124 de
1231 3052 1366 3125 Catullo

99 3180 239 3271 scripsit
266 3179 332 3268 (De
360 3179 481 3249 ordine
511 3183 546 3250 et
571 3178 783 3267 temporibus
811 3171 1002 3249 carminum
1032 3177 1162 3251 Catulli
1185 3197 1253 3248 000.
1278 3175 1320 3247 E.
1346 3196 1366 3246 a

98 3306 247 3378 Bruner.
286 3303 447 3374 10110110
480 3298 662 3376 Societatis
697 3303 925 3375 Scientiarum
958 3303 1133 3375 Fennicae
1167 3308 1249 3373 tom.
1284 3300 1365 3373 Vll.

98 3452 176 3521 pag.
207 3430 306 3522 603).
332 3429 423 3499 Huic
448 3429 535 3518 voci,
556 3429 679 3519 inquit,
709 3429 855 3519 quaein
882 3449 984 3499 versu
1009 3431 1031 3499 8
1055 3427 1110 3517 (C.
1135 3426 1178 3520 Ι.)
1204 3426 1364 3516 iteratur,

99 3555 298 3626 interiorem
318 3554 412 3624 illam
432 3552 510 3623 libri
532 3553 718 3642 notionem,
745 3551 1030 3642 significationem
1055 3552 1177 3642 scripti
1196 3551 1364 3642 operisve,

100 3677 288 3769 subjectam
313 3678 533 3768 ideoputare
556 3678 737 3766 nonlicet,
764 3677 844 3767 quia
867 3677 902 3746 in
927 3697 958 3746 v.
983 3681 1017 3747 2.
1043 3677 1175 3766 species
1199 3675 1364 3748 11110100-

100 3811 199 3875 terna
216 3812 502 3874 commemoratur
523 3800 705 3874 etidcirco
724 3803 767 3873 ad
788 3803 931 3873 eandem
951 3801 985 3871 10
1005 3800 1124 3890 001000
1141 3821 1245 3871 versu
1264 3798 1366 3872 ambo

99 3929 206 3999 libelli
235 3928 389 4016 epitheta
417 3927 600 3998 reserenda
629 3933 717 3996 sunt.
755 3929 871 4016 Atque
901 3927 958 3997 1110
992 3926 1130 4016 quidem
1159 3922 1201 3995 de
1230 3923 1366 3996 Catullo

101 4054 272 4145 loquitur:
295 4051 499 4142 Propertius
519 4058 635 4123 autem
656 4051 714 4140 qui
729 4051 912 4141 quinquies
929 4050 1083 4121 libellum
1098 4049 1185 4120 dicit
1198 4070 1367 4140 nusquam

100 4181 150 4251 110
168 4179 253 4249 dicit
271 4199 336 4267 000
355 4176 457 4266 libro,
476 4182 515 4247 ut
535 4182 669 4248 certum
690 4196 867 4247 numerum
890 4176 1103 4265 singularum
1122 4173 1312 4265 elegiarum
1330 4176 1365 4245 in

102 4325 204 4374 unum
233 4302 391 4373 volumen
419 4301 597 4373 redactum
628 4301 797 4389 simulque
821 4301 951 4371 editum
981 4298 1247 4389 complectatur;
1273 4306 1367 4371 certe

100 4448 269 4517 nusquam
289 4446 429 4499 necesse
449 4434 502 4499 est
521 4448 596 4498 eam
619 4427 686 4497 vim
715 4425 796 4496 huic
814 4426 889 4496 voci
913 4424 1148 4514 subiiciamus,
1168 4431 1205 4496 at
1228 4429 1284 4495 est
1307 4422 1365 4495 ubi

99 4554 193 4625 nullo
212 4559 316 4645 pacto
334 4552 446 4644 possit
464 4573 540 4624 esse
560 4552 727 4625 subiecta.
749 4550 836 4623 Nam
856 4550 948 4641 quod
967 4549 1051 4622 dicit
1068 4550 1096 4642 l,
1121 4552 1179 4639 11,
1204 4551 1263 4621 19.
