3166 5146
598 258 810 327 -ss-
930 350 940 361 ι

169 471 366 562 Lygdamus
384 478 522 563 uratur,
542 470 730 543 candescat
748 470 873 543 lamina
892 492 1035 544 vernae:

228 593 329 666 Sensi
348 616 412 685 ego
432 616 511 667 cum
529 595 667 666 insidiis
685 593 815 682 pallida
833 595 913 666 vina
932 595 1023 666 bibi:

171 716 220 789 At
238 718 368 790 Nomas
387 739 532 792 arcanas
551 719 654 791 tollat
673 725 816 790 versuta
834 719 974 791 salivas:

224 842 328 915 Dicet
347 843 527 916 damnatas
546 845 647 932 ignea
666 848 757 914 testa
774 864 907 915 manus.

66 1037 148 1126 quia
171 1035 372 1107 mandatum
391 1039 606 1127 contineant,
636 1057 678 1108 ex
696 1035 822 1107 mediis
843 1038 997 1127 querelis
1017 1039 1190 1112 tollendos
1209 1047 1343 1115 etcum

63 1159 141 1230 aliis
160 1158 332 1232 mandatis
352 1159 611 1250 coniungendos
630 1165 744 1252 putat,
764 1165 801 1231 at
819 1166 899 1231 ante
919 1182 969 1232 vs.
994 1164 1054 1232 39.

172 1335 268 1425 Quae
287 1337 388 1408 modo
408 1357 472 1427 per
491 1337 578 1407 viles
597 1336 754 1425 inspecta
773 1342 827 1407 est
844 1337 987 1427 publica
1005 1343 1124 1409 noctes

225 1459 321 1532 Haec
339 1481 432 1530 nunc
453 1466 576 1531 aurata
596 1459 737 1550 cyclade
757 1461 873 1551 signat
892 1462 1094 1531 humum—

63 1634 138 1705 vult
156 1635 356 1706 accuratius
371 1635 586 1725 descriptam
605 1634 715 1707 fuisse
739 1658 865 1707 novam
884 1637 1046 1727 amicam,
1071 1639 1153 1727 quia
1171 1639 1343 1710 transitus

63 1780 84 1830 a
111 1755 206 1830 foedi
233 1757 366 1828 funeris
389 1759 653 1831 adumbratione
677 1760 722 1831 ad
744 1760 841 1830 illam
864 1760 1117 1850 depingendam
1141 1760 1255 1834 factus
1279 1782 1344 1852 per

63 1900 256 1970 pronomen
276 1881 460 1952 relativum
480 1881 614 1953 fractus
635 1883 681 1953 sit
701 1889 737 1952 et
755 1882 912 1954 elumbis
925 1885 1074 1954 —Tum
1088 1906 1158 1956 sss.
1173 1887 1342 1957 51-54.

172 2073 260 2145 Jnre
280 2093 345 2163 ego
363 2073 528 2146 Fatorum
548 2075 635 2145 nulli
653 2075 846 2146 revolubile
865 2096 1018 2166 carmen,

225 2196 518 2285 Tergeminusque
538 2198 632 2266 canis
652 2197 702 2267 sic
721 2198 805 2267 mihi
824 2197 927 2268 molle
947 2205 1061 2288 sonet,

170 2317 230 2388 Me
249 2338 407 2389 servasse
427 2316 539 2390 fidem.
562 2318 601 2389 Si
618 2317 715 2408 fallo,
735 2311 858 2410 vipera
877 2322 1009 2392 nostris

224 2438 349 2511 Sibilat
366 2442 402 2509 in
421 2442 563 2511 tumulis
582 2446 617 2510 et
636 2461 741 2529 super
760 2443 838 2512 ossa
858 2441 972 2512 cubet.
986 2482 1036 2492 -

62 2634 141 2705 loco
161 2640 293 2723 movet,
319 2632 409 2722 quod
435 2633 660 2704 iurisiurandi
680 2636 809 2704 servati
826 2632 1027 2706 testificatio
1047 2656 1157 2725 neque
1176 2637 1220 2708 ad
1238 2658 1343 2728 supe-

62 2757 176 2828 riores
204 2775 318 2843 neque
347 2756 391 2827 ad
414 2755 599 2827 inferiores
620 2759 810 2828 sententias
830 2757 1016 2850 quidquam
1034 2760 1198 2850 attineat,
1228 2781 1341 2850 noque

60 2885 97 2954 in
117 2883 203 2973 ipsis
223 2883 270 2953 sit
288 2882 474 2974 quidquam
495 2903 562 2972 qno
583 2884 732 2955 causalis
752 2884 804 2954 vis
824 2885 973 2973 proximi
992 2905 1115 2955 versus
1136 2890 1287 2973 spectet:

168 3075 259 3147 Nam
278 3076 416 3162 gemina
435 3081 488 3144 est
508 3074 608 3144 sedes
627 3080 767 3162 turpem
787 3075 914 3144 sortita
931 3094 996 3164 per
1015 3095 1212 3145 amnem-
1219 3102 1227 3157 ;

63 3290 174 3361 neque
207 3269 298 3339 enim
327 3286 499 3354 exponere
528 3265 714 3356 Cynthium
742 3287 804 3337 cur
822 3267 857 3336 in
876 3288 928 3338 vs.
951 3270 1012 3338 52.
1032 3221 1263 3357 tergeminum
1283 3289 1340 3341 ca-

62 3415 142 3467 nem
162 3390 301 3463 dixerit.
340 3389 408 3460 Sed
427 3409 470 3460 ne
490 3389 533 3460 ad
553 3411 604 3461 vs.
628 3392 688 3461 50.
710 3390 867 3478 quidem:

170 3585 289 3675 Longa
308 3604 386 3654 mea
404 3584 438 3651 in
458 3580 557 3652 libris
578 3602 686 3670 regna
703 3585 802 3652 fuere
821 3582 893 3651 tnis
905 3619 955 3632 -

61 3778 148 3852 illud
175 3800 263 3850 nam
290 3798 393 3866 posse
422 3773 563 3846 referri:
593 3773 707 3844 videri
734 3774 843 3862 igitur
870 3775 920 3843 ait
946 3775 1339 3846 interpretamus.

63 3902 214 3995 aliquam
238 3901 445 3972 sententiam
468 3896 707 3986 intercidisse,
736 3896 834 3968 cuius
858 3917 962 3969 versu
984 3898 1044 3967 55.
1065 3897 1154 3966 ratio
1174 3895 1343 3968 reddere-

64 4034 137 4122 tur.
171 4027 293 4116 Itaque
312 4025 405 4094 inter
422 4044 472 4096 vs.
494 4028 556 4094 22.
578 4022 617 4092 et‘
634 4024 695 4092 23.
716 4021 863 4092 collocat
879 4041 949 4091 nse.
974 4021 1142 4109 51-54,
1162 4019 1256 4090 inter
1274 4039 1342 4092 vss.

68 4154 118 4223 34
147 4156 183 4222 et
204 4152 264 4221 39.
294 4169 398 4219 unam
415 4148 575 4219 lacunam
594 4149 707 4235 notat,
737 4146 883 4217 alteram
911 4145 1004 4215 inter
1033 4162 1102 4213 vss.
1127 4144 1188 4214 50.
1209 4147 1245 4214 et
1267 4145 1343 4234 55,

62 4297 185 4358 versus
203 4283 320 4348 autem
341 4277 516 4346 35-38.
538 4275 631 4345 inter
652 4276 713 4344 76.
735 4278 770 4343 et
791 4275 852 4345 77.
873 4270 1053 4343 transfert.
1093 4266 1163 4340 Sed
1181 4267 1268 4339 nihil
1286 4285 1343 4337 re·

63 4399 135 4473 fert
153 4421 255 4492 quem
273 4399 349 4488 ipse
369 4398 526 4470 ordinem
541 4397 748 4469 constituat:
769 4394 855 4466 illud
869 4415 976 4465 unum
990 4391 1255 4480 videndumest,
1277 4405 1344 4473 quo

63 4525 152 4618 iure,
171 4525 276 4597 immo
294 4543 363 4615 qua
381 4522 509 4595 iniuria
526 4541 606 4592 eum
625 4520 685 4612 qui
704 4519 853 4593 traditus
873 4524 926 4590 est
943 4515 1140 4607 perturbet.
