3166 5146
152 493 229 576 post
249 505 385 585 versum
407 489 440 555 2.

364 698 448 769 (lum
468 698 604 768 vicina
621 697 717 767 novis
736 698 839 769 turba
856 698 1015 767 cucurrit
1032 700 1123 786 agris
1145 738 1191 752 -

154 912 348 1000 transponit
366 911 500 981 duabus
520 909 642 980 ductus
661 910 866 997 rationibus,
892 911 1040 998 primurn
1063 912 1154 999 quod
1172 911 1240 982 illis
1258 915 1415 986 versibus

154 1057 265 1124 neque
293 1034 506 1124 impudentia
534 1032 703 1122 Cynthiae
736 1053 798 1104 nec
830 1039 967 1121 tempus
999 1036 1193 1105 accuratius
1220 1036 1413 1129 definiatur,
1517 1062 1521 1071 “

131 1196 133 1201 ·
156 1160 223 1230 etsi
251 1179 337 1230 cum
366 1156 538 1246 particula
566 1158 714 1227 alterum
740 1164 858 1227 utrum
886 1156 1019 1227 definiri
1048 1159 1093 1228 sit
1120 1160 1263 1247 indici03
1293 1162 1416 1234 deinde

154 1283 246 1372 quod
265 1284 301 1353 in
320 1283 428 1353 altero
448 1301 550 1352 versu
569 1281 705 1351 vicina
725 1281 988 1369 explicationem
1006 1303 1075 1353 non
1094 1282 1230 1374 habeat,
1249 1285 1316 1354 nisi
1335 1306 1414 1356 mox

155 1408 320 1478 tabernae
338 1406 398 1476 fiat
416 1407 554 1475 mentio.
586 1405 700 1475 Aliter
719 1407 809 1476 enim
833 1407 897 1476 hoc
920 1405 996 1476 iore
1019 1414 1059 1476 ut
1082 1407 1234 1478 dicatur:
1259 1430 1327 1480 non
1349 1410 1415 1481 Εε-

154 1531 419 1621 quilinimontis
438 1530 605 1619 homines,
625 1530 686 1600 sed
705 1530 860 1600 vicorum
879 1531 909 1598 ei
930 1531 1118 1600 vicinorum
1137 1532 1180 1601 ad
1201 1533 1311 1603 rixam
1330 1554 1416 1623 quae

153 1662 318 1726 narratur
343 1654 548 1725 accurrisse.
570 1654 691 1723 -At
713 1655 762 1723 sic
786 1675 827 1724 ea
855 1654 958 1723 verba
986 1655 1192 1742 accipiamus
1220 1656 1321 1747 plane
1350 1679 1417 1729 non

154 1801 294 1851 necesse
314 1784 377 1849 θεῖ.
398 1777 567 1847 Vicinus
587 1778 677 1847 enim
702 1780 732 1846 si
755 1778 882 1848 dicitur
906 1799 1121 1867 nequaquam
1145 1780 1272 1868 ubique
1297 1782 1350 1850 cui
1370 1783 1418 1852 sit

155 1905 287 1975 vicinus
307 1904 513 1989 declaratur,
534 1901 595 1970 sed
616 1908 676 1971 aut
694 1903 769 1971 eius
794 1902 836 1972 de
861 1922 928 1991 quo
953 1902 1083 1972 dicitur
1105 1904 1238 1974 vicinus
1262 1910 1322 1974 aut
1344 1905 1418 1975 eius

157 2032 212 2121 qui
239 2029 393 2119 loqnitur
416 2027 634 2114 accipiendus
659 2034 726 2113 est3
754 2029 849 2098 velut
871 2027 957 2097 illud
982 2034 1035 2098 θεῖ
1057 2028 1149 2116 apud
1171 2027 1369 2099 Phaedrum
1389 2031 1417 2121 1,

161 2153 424 2245 6‚1.-Furis
444 2152 546 2222 vicini
565 2152 720 2224 celebres
739 2153 827 2224 vidit
845 2154 980 2243 nuptias
996 2155 1153 2242 Aesopus
1164 2193 1228 2242 -,
1247 2153 1312 2225 hoc
1326 2154 1419 2244 apud

158 2278 347 2366 Vergilium
366 2276 485 2362 Eclog.
505 2276 569 2364 III,
592 2278 652 2347 53.
673 2317 724 2328 -
743 2283 876 2348 tantum
903 2279 1014 2346 vicine
1041 2277 1225 2345 Palaemon
1255 2262 1423 2347 Sensibus¹
1554 2258 1555 2263 ἵ

155 2402 238 2472 haec
248 2401 450 2468 imis—res
466 2405 520 2466 est
534 2417 602 2465 non
618 2416 944 2486 parva-repones.
965 2397 1059 2484 Ergo
1069 2396 1126 2467 hic
1140 2417 1216 2466 cum
1228 2396 1322 2466 aliud
1332 2398 1417 2468 nihil

154 2520 348 2612 appelletur
367 2538 434 2607 quo
453 2517 540 2587 illud
559 2518 692 2588 vicina
709 2517 893 2607 referatur,
919 2519 964 2589 ad
986 2520 1098 2608 ipsum
1119 2519 1345 2610 Propertium
1365 2541 1417 2591 re

153 2643 334 2716 ferendum
354 2649 419 2731 est,
440 2643 500 2729 qui
518 2663 554 2712 se
573 2643 609 2712 in
627 2642 807 2730 Esquilino
830 2650 944 2714 monte
967 2643 1141 2715 habitasse
1164 2649 1288 2732 aperte
1309 2649 1418 2716 testa-

154 2778 212 2841 tur
231 2768 293 2855 III,
317 2771 376 2838 23.
398 2772 486 2837 extr.

344 2980 392 3050 Et
411 2979 583 3050 domiuum
602 2977 767 3066 Esquiliis
787 2979 898 3048 scribe
917 2979 1077 3049 habitare
1097 2987 1206 3050 tuum.

158 3197 278 3283 Neque
298 3200 352 3263 est
371 3191 555 3280 quidquam
574 3211 635 3260 cnr
653 3191 738 3261 illud
758 3190 948 3262 convivium
966 3192 1087 3262 nonin
1105 3191 1281 3281 Propertii
1305 3192 1417 3285 domo,

158 3320 219 3390 sed
236 3320 272 3387 in
292 3317 437 3387 taberna
454 3317 652 3387 institutum
676 3322 848 3406 putamus.
882 3315 989 3386 Immo
1015 3316 1103 3405 quod
1128 3315 1277 3407 Cynthia
1300 3337 1419 3388 recens

157 3466 177 3513 a
204 3443 379 3514 Lanuvino
408 3440 532 3511 itiuere
560 3461 600 3510 eo
628 3441 807 3531 irrumpit,
836 3441 925 3530 quod
952 3440 1150 3529 Lygdamus
1177 3441 1292 3531 adest,
1326 3441 1418 3532 qnod

158 3567 361 3638 meretrices
380 3564 572 3654 aufugiunt,
592 3563 800 3654 Propertius
819 3584 898 3635 cum
916 3561 1065 3652 Cynthia
1086 3573 1251 3653 remanet,
1277 3585 1317 3635 aa
1335 3567 1419 3635 toti-

158 3692 236 3764 dem
256 3697 335 3761 sunt
353 3690 561 3760 documenta
578 3709 652 3758 rem
673 3690 761 3776 apud
780 3689 892 3778 ipsum
913 3687 1004 3758 domi
1028 3688 1093 3777 agi.
1125 3684 1209 3774 Quis
1229 3709 1312 3759 vero
1332 3687 1418 3760 illud

160 3816 335 3904 concedet,
355 3834 423 3884 rsa
448 3817 506 3885 19.
528 3835 555 3884 ε.
575 3814 625 3883 ita
644 3813 780 3884 demum
804 3834 865 3884 suo
889 3813 965 3884 loco
989 3811 1062 3882 fore
1085 3810 1284 3882 retinendos
1308 3812 1337 3881 si
1361 3819 1422 3883 aut

157 3938 371 4030 impudentia
389 3936 558 4026 Cynthiae
578 3945 638 4009 aut
656 3943 790 4026 tempus
810 3936 902 4007 illius
922 3935 1057 4006 itineris
1080 3933 1275 4006 accuratius
1299 3932 1420 4006 defini-

157 4064 277 4136 retur?
314 4061 366 4131 De
390 4059 605 4150 impudentia
627 4063 706 4128 ante
732 4079 798 4129 non
822 4059 979 4130 verbum:
1009 4057 1038 4127 si
1062 4076 1149 4146 quae
1172 4056 1309 4126 adeam
1329 4055 1386 4128 rei
1406 4096 1420 4111 -

160 4186 268 4258 renda
295 4189 387 4274 sunt,
417 4204 458 4254 ea
485 4189 677 4271 sequuntur
705 4184 828 4272 omnia,
856 4187 894 4253 ut
924 4202 987 4252 cur
1013 4181 1069 4251 hic
1097 4179 1282 4270 quidquam
1311 4180 1354 4253 de
1380 4200 1422 4254 ea

161 4315 340 4401 exspectes
367 4330 409 4379 ne
438 4308 637 4380 coniectura
659 4306 797 4399 quidem
819 4309 956 4398 assequi
978 4307 1091 4378 liceat.
1130 4305 1278 4395 Tempus
1305 4311 1421 4378 autern

160 4456 202 4506 ne
221 4433 404 4525 temporali
422 4452 506 4504 cum
527 4430 664 4522 quidem
684 4432 811 4521 ubique
833 4430 998 4503 delinitur
1020 4428 1228 4521 accuratius,
1258 4430 1319 4502 sed
1341 4449 1419 4518 per·

162 4579 265 4649 quam
282 4556 445 4647 frequens
462 4557 492 4627 is
510 4576 595 4627 usus
613 4560 668 4626 est
687 4557 762 4628 eius
784 4555 988 4648 particulae,
1016 4560 1056 4625 ut
1077 4574 1147 4627 una
1170 4574 1209 4625 re
1232 4555 1421 4624 memorata

1194 4689 1211 4723 *
