3166 5146
688 223 895 290 -105—

157 432 434 521 Descriptionem
458 433 532 503 eius
550 452 686 520 pugnae
709 453 777 522 qua
800 432 933 522 torquis
953 432 1162 506 Virdomaro
1186 442 1305 524 erepta
1333 444 1424 512 esset

159 558 327 627 excidisse
345 562 458 646 putat,
481 557 560 646 quia
580 578 684 647 supra
704 578 763 628 eae
783 579 930 647 pugnae,
956 578 998 628 ox
1026 558 1150 648 quibus
1175 561 1286 648 spolia
1310 564 1423 651 opima

157 681 269 752 relata
289 688 415 770 essent,
436 681 593 770 pluribus
617 683 685 752 sint
709 688 883 770 narratae,
906 683 964 752 hic
987 703 1029 752 ne
1055 683 1131 773 quis
1156 685 1294 773 quidem
1312 688 1422 776 spolia

156 807 249 878 hosti
273 807 440 896 eripuerit
462 815 582 897 aperte
603 807 808 878 declaretur.
837 808 886 878 At
905 829 981 877 cum
1002 809 1110 878 omnis
1124 829 1181 878 res
1195 809 1229 879 in
1250 830 1289 880 eo
1308 818 1421 883 verta·

157 940 226 1021 tur,
257 931 334 1019 quis
362 952 403 1002 ea
425 931 533 1022 spolia
557 938 590 1001 et
614 952 634 1000 a
658 951 726 1019 quo
754 931 929 1021 retulerit,
958 952 1152 1021 pugnarum
1176 933 1421 1024 descriptiones

156 1075 218 1124 nec
239 1056 268 1125 si
287 1055 462 1127 adduntur
483 1055 657 1125 offendunt
676 1076 738 1126 nec
757 1057 787 1127 si
806 1057 931 1127 absunt
949 1057 1192 1145 requiruntur;
1216 1062 1420 1147 praesertim
1494 1106 1498 1114 ·

157 1201 234 1250 cum
254 1185 289 1250 et
313 1180 441 1250 variari
464 1181 516 1250 rei
539 1181 782 1250 tractationem
806 1181 987 1250 conveniat
1011 1186 1046 1251 et
1068 1180 1220 1252 brevitas
1242 1182 1290 1253 ibi
1314 1183 1422 1272 aptis-

157 1305 242 1375 sima
260 1304 419 1375 videatur
436 1304 496 1375 ubi
516 1304 559 1374 ad
582 1301 681 1374 finem
702 1302 842 1375 festinat
866 1306 986 1376 oratio.
1017 1302 1102 1391 Quis
1126 1312 1241 1378 autem
1261 1313 1420 1397 torquem

157 1428 252 1502 Gallo
273 1429 440 1518 eripuerit
459 1430 543 1498 satis
563 1426 776 1516 significatur
794 1448 897 1499 versu
919 1431 979 1500 39.
1044 1431 1047 1439 “

314 1625 478 1696 Claudius
497 1624 686 1695 Eridanum
704 1625 870 1696 traiectos
889 1626 1002 1696 arcuit
1020 1625 1150 1696 hostes.

155 1841 300 1911 Romani
316 1841 416 1930 enim,
434 1840 559 1928 quibus
573 1839 658 1911 haec
672 1839 782 1929 elegia
796 1840 926 1929 scripta
941 1844 1006 1927 est,
1023 1840 1081 1908 vix
1096 1840 1295 1910 nesciebant
1310 1841 1421 1928 spolia

134 1972 140 1985 “
156 1967 267 2055 opima
285 1985 306 2034 a
325 1964 411 2036 duce
431 1965 511 2035 duci
531 1985 609 2035 esse
629 1969 760 2052 erepta.
1346 1970 1348 1974 “

232 2124 379 2212 Reliqua
408 2129 461 2194 est
489 2123 621 2213 Regina
648 2123 857 2213 Elegiarum.
899 2120 1007 2192 Ouius
1040 2120 1313 2194 Luettiohannes
1341 2130 1419 2196 ante

154 2270 202 2319 rs.
227 2252 287 2319 61.

310 2439 363 2509 Et
382 2445 512 2540 tamen
533 2440 663 2508 emerui
681 2458 865 2526 generosos
884 2438 991 2508 vestis
1014 2438 1164 2510 honores
1184 2479 1235 2492 -

153 2652 319 2724 transfert
330 2673 397 2723 vss.
412 2655 472 2724 65.
486 2673 512 2722 s.
529 2650 690 2722 Vidimus
708 2659 743 2720 et
756 2649 900 2721 fratrem
911 2650 1029 2722 sellam
1043 2652 1236 2741 geminasse
1251 2655 1417 2746 curulem,

363 2775 511 2847 Consule
531 2797 598 2865 quo
619 2775 709 2847 lacto
728 2783 882 2866 tempore
901 2785 1004 2866 rapta
1022 2797 1131 2848 soror.
1151 2818 1204 2829 —

152 2993 231 3082 quia
249 3012 361 3080 neque
380 2992 466 3062 illud
485 2992 539 3062 Et
558 2997 689 3075 tamon
710 2990 973 3080 explicationem
992 2990 1132 3080 habeat,
1159 2992 1188 3062 si
1212 2993 1418 3065 antecedant

153 3137 219 3187 uss,
243 3119 303 3186 59.
324 3136 350 3185 a.

309 3308 371 3379 Ille
390 3329 453 3378 sua
471 3313 554 3378 nata
573 3307 709 3397 dignam
730 3309 857 3379 uixisse
879 3328 1028 3380 sororem

363 3433 523 3521 Increpat
543 3437 578 3501 et
595 3432 756 3503 lacrimas
778 3432 924 3503 vidimus
943 3433 995 3503 ire
1015 3431 1089 3503 Deo
1103 3472 1164 3520 -‚

152 3651 184 3716 ot
206 3645 366 3716 versibus
393 3648 453 3717 65.
479 3651 514 3717 et
539 3647 598 3716 66.
624 3618 852 3734 perturbetur
875 3644 1064 3716 liberorum
1088 3645 1301 3716 enumeratio
1327 3666 1415 3734 quae

152 3769 249 3840 sitin
268 3791 337 3841 uss
362 3773 421 3841 63.
446 3773 506 3842 64.
530 3772 590 3841 67.
613 3772 673 3842 68.

245 3987 304 4056 63.
335 3985 387 4055 Tu
407 3984 540 4072 Lepide
560 3991 594 4054 et
613 3992 649 4054 tu
668 3983 789 4054 Paulle
808 4004 924 4054 meum
942 3988 1023 4070 post
1041 3979 1112 4052 fata
1130 3981 1297 4070 levamen,

333 4107 486 4179 ‘Condita
505 4114 585 4178 sunt
603 4113 717 4179 vestro
736 4107 864 4178 lumina
882 4112 1000 4178 nostra
1018 4105 1106 4176 sinu.
1131 4144 1174 4156 -

153 4348 279 4417 sentiunt,
294 4353 322 4433 et
337 4364 387 4418 ego
401 4348 469 4403 mihi
482 4349 613 4418 persuasi.
634 4348 687 4404 Sed
702 4365 761 4403 oum
776 4363 868 4403 earum
883 4362 952 4416 quae
966 4346 1055 4403 adhuc
1069 4347 1195 4415 prolatae
1210 4350 1274 4402 sunt
1287 4343 1414 4401 emenda-

152 4435 253 4492 tionum
267 4438 346 4493 nulla
360 4438 427 4493 satis
441 4437 566 4505 placeret
581 4437 705 4493 codicum
720 4437 849 4492 malebam
864 4436 956 4505 verba,
976 4451 1056 4504 quam
1075 4435 1258 4492 recentiorum
1277 4433 1413 4489 coniectu·

153 4541 197 4582 ras
211 4542 373 4596 proponere.
