3166 5146
787 264 995 364 430..

259 529 379 580 verum
399 507 504 579 etiam
524 527 543 579 a
563 505 731 577 Cicerone
751 527 812 594 pro
832 504 967 578 Cluent.
992 508 1051 591 63,
1076 507 1121 575 17
1127 507 1165 573 7:
1197 523 1300 593 quurn
1324 503 1391 574 iarn
1412 510 1526 577 tortor

166 626 168 635 '
258 637 363 721 atque
383 637 501 703 essent
520 637 690 703 tormenta
708 630 783 719 ipsa
801 627 947 701 defessa.
988 626 1072 721 (Ofr.
1094 627 1344 717 Naegelsbach,
1375 627 1526 699 Lateini·
1549 606 1551 610 ’

260 757 340 829 sche
362 755 514 828 Stilistik
540 753 596 826 fbr
623 753 808 825 Deutsche.
840 757 873 825 2.
896 754 948 825 ed.
974 756 1084 826 1852.
1116 752 1135 844 §
1157 756 1243 823 167.
1266 756 1300 823 4.
1320 772 1399 842 pag.
1423 753 1525 840 466).
1571 764 1573 837 3

258 881 313 952 Sic
332 887 448 951 autem
468 880 497 950 si
515 881 560 950 ad
578 879 816 950 hexametrum
834 879 988 967 priorem
1008 880 1111 948 tacite
1127 877 1291 948 addemus
1304 883 1526 966 steterunt,

259 1005 303 1074 ad
320 1010 571 1092 pentametrum
601 1004 716 1074 stetit
743 1023 851 1092 eoque
880 1023 958 1072 cum
985 1001 1094 1072 verbo
1118 1001 1250 1070 minus
1270 1001 1527 1072 suburbanae

259 1134 296 1199 et
313 1128 485 1198 maxima
502 1127 623 1198 turba
642 1134 675 1198 et
693 1125 783 1198 inira
801 1132 945 1216 patens
963 1146 1026 1214 pro
1046 1124 1254 1215 praedicatis
1270 1125 1526 1214 coniungemus,

261 1271 323 1323 nec
351 1252 419 1323 iam
447 1250 696 1342 significabitur
723 1250 870 1322 Bovillas
897 1249 1073 1339 Propertii
1096 1255 1209 1320 aetate
1227 1269 1293 1319 non
1312 1247 1435 1339 fuisse,
1468 1271 1528 1323 nec

263 1375 390 1448 Gabios
408 1377 592 1448 maximam
610 1377 745 1446 turbam
765 1375 881 1446 vocari
900 1374 1099 1465 mirabitur,
1131 1375 1189 1464 qui
1217 1374 1390 1444 civitatem
1420 1373 1528 1446 multo

261 1502 371 1590 magis
390 1501 522 1572 civibus
542 1521 640 1590 quam
661 1500 840 1571 moenibus
864 1506 899 1570 et
922 1498 1113 1588 parietibus
1138 1499 1300 1568 contineri
1321 1499 1528 1570 meminerit.

164 1682 168 1687 .
262 1623 457 1712 superlatio
477 1645 558 1694 vero
577 1623 649 1714 1111,
671 1645 737 1715 qua
755 1624 951 1712 posteriora
968 1621 1076 1694 Urbis
1096 1622 1308 1692 incrementa
1325 1622 1540 1707 indicabun-¹

262 1754 333 1834 tur,
348 1749 383 1816 in
403 1754 525 1836 poetae
546 1768 701 1818 sermone
722 1749 780 1836 qui
796 1767 874 1817 raro
893 1746 957 1817 hac
977 1744 1089 1834 figura
1108 1752 1203 1816 caret
1223 1745 1304 1814 nihil
1325 1747 1451 1818 merito
1471 1752 1530 1818 aut

263 1872 540 1960 reprehensionis
560 1879 620 1943 aut
637 1872 872 1944 admirationis
891 1871 1040 1942 babebit.
1088 1870 1198 1941 Venio
1222 1870 1265 1941 ad
1289 1869 1409 1960 Gabi,
1441 1871 1530 1962 quod

264 1997 347 2066 satis
367 2016 407 2066 eo
427 1997 502 2084 ipso
523 1995 780 2070 Crustumeri
799 1994 1010 2080 defenditur,
1031 1996 1121 2084 quod
1141 2015 1182 2065 ex
1203 1993 1353 2083 Vergilio
1373 1995 1528 2066 Eschen·

264 2120 408 2207 burgius
433 2117 547 2206 affert3
578 2118 666 2207 quod
696 2121 724 2189 si
752 2119 974 2207 necessitate,
1004 2124 1043 2188 ut
1071 2120 1134 2207 ait,
1164 2119 1309 2188 metrica
1332 2126 1527 2209 excusatur,¹

264 2244 320 2314 bic
342 2250 434 2315 certe
455 2243 678 2313 commoditas
697 2243 879 2331 quaedam,
903 2251 942 2312 ut
961 2242 1009 2312 ita
1028 2242 1154 2331 dicam,
1180 2243 1326 2312 metrica
1344 2264 1410 2332 pro
1429 2264 1528 2315 exon-¹

265 2367 395 2438 satione
413 2368 540 2457 poterit
555 2367 721 2439 adhiberi.
744 2366 812 2438 Sed
826 2366 992 2438 accedunt
1007 2366 1134 2436 similes
1149 2367 1407 2439 contractiones
1419 2387 1522 2457 neque

265 2512 381 2562 omnes
402 2513 444 2562 ex
463 2490 747 2578 inscriptionibus
768 2496 947 2579 promptae
966 2510 1030 2560 nec
1050 2498 1178 2580 tamen,
1208 2489 1237 2558 si
1267 2510 1308 2559 ex
1335 2491 1528 2582 inscriptio-

265 2617 364 2685 nibus
382 2621 569 2704 propterea
587 2615 802 2684 reiiciendae.
851 2613 886 2683 Si
914 2615 1004 2684 enirn
1032 2615 1066 2682 in
1096 2614 1170 2683 aliis
1199 2613 1303 2683 rebus
1331 2622 1470 2685 tantum
1492 2615 1527 2685 iis

266 2738 464 2827 tribuimus,
484 2745 523 2807 ut
542 2738 585 2807 ad
605 2758 722 2806 earum
738 2738 930 2826 exemplum
950 2737 1169 2807 scribendum
1189 2757 1263 2807 esse
1283 2740 1529 2828 existimemus,

265 2860 349 2931 111111
369 2881 449 2931 1111
469 2867 521 2931 111
540 2881 602 2931 111
621 2860 685 2930 hac
704 2860 740 2929 in
758 2879 797 2929 11
816 2879 949 2929 ornnem
969 2859 1010 2929 iis
1030 2860 1271 2930 auctoritatem
1296 2848 1531 2932 detrahamus.

265 2983 403 3054 Profert
431 2990 546 3054 autem
573 2980 772 3054 Corssenius
804 2980 934 3071 (Ueber
954 2981 1192 3078 Aussprache,
1222 2980 1442 3053 Vocalismus
1466 2983 1533 3054 und

267 3109 450 3199 Betooung
478 3110 541 3180 der
568 3107 792 3179 lateinischen
825 3106 987 3198 Sprache.
1034 3104 1178 3198 Leipzig
1214 3107 1325 3177 1859.
1356 3115 1447 3210 tom.
1485 3106 1532 3197 ΙΙ,

266 3255 344 3326 pag.
371 3235 469 3321 163.)
498 3233 569 3322 111,
598 3233 734 3302 Neuius
760 3231 1021 3321 (Formenlehre
1040 3230 1102 3300 der
1121 3231 1346 3302 lateinischen
1367 3229 1533 3320 Sprache.

266 3356 440 3445 Stuttgart
471 3359 581 3427 1865.
617 3362 700 3425 tom.
730 3357 757 3425 I.
788 3374 865 3444 pag.
901 3354 976 3444 98.)
1003 3352 1100 3425 ilovi
1136 3354 1246 3446 (Sent.
1280 3355 1410 3426 Minuc.
1447 3358 1533 3427 199.

163 3560 166 3567 ,
268 3502 316 3554 vs.
348 3482 439 3569 11),
478 3480 542 3550 un
580 3479 624 3570 (J.
654 3479 834 3567 11111.
867 3481 978 3549 1111.
1008 3480 1534 3551 reconsecratum.

270 3608 383 3677 2824.
411 3607 524 3675 5296.
553 3607 666 3676 5450.
689 3605 834 3692 6671.);
874 3602 1050 3693 Aegypti
1088 3602 1187 3693 (Stat.
1219 3602 1326 3674 Theb.
1360 3607 1393 3693 9,
1416 3603 1534 3695 adu),

269 3730 360 3821 quod
378 3729 446 3799 etsi
464 3726 612 3800 fortasse
632 3729 714 3799 dicit
732 3729 776 3799 ad
795 3727 990 3816 exemplum
1008 3727 1246 3797 nonnullorum
1270 3727 1537 3801 Homericorum

267 3854 420 3926 locorum
453 3854 497 3925 ad
524 3853 717 3943 Aegyptii
744 3851 855 3922 media
885 3850 1016 3940 syllaba
1044 3858 1207 3941 correpta
1233 3872 1336 3943 posse
1365 3853 1538 3942 revocari,

268 3979 354 4048 haec
377 3983 492 4048 tamen
513 3977 686 4065 correptio
706 3975 808 4046 nullis
828 3972 962 4045 Latinis
981 3974 1148 4063 exemplis
1169 3974 1407 4062 confirmatum
1437 3975 1537 4047 deni-

229 4122 233 4133 ·
270 4123 334 4193 que
355 4102 471 4191 Fabi,
503 4102 594 4190 quod
621 4101 656 4170 in
684 4099 799 4170 codice
828 4099 981 4170 Puteano
1011 4106 1063 4168 est
1083 4098 1171 4187 apud
1190 4099 1324 4171 Livium
1344 4099 1391 4187 II,
1414 4104 1477 4189 16,
1499 4103 1535 4171 7.
1566 4080 1572 4094 ’

272 4229 332 4314 49,
355 4228 388 4296 9.
413 4227 473 4314 50,
497 4228 530 4295 5.
561 4231 664 4314 atque
692 4225 771 4295 inde
797 4230 890 4294 certe
910 4222 1081 4312 prioribus
1101 4223 1235 4295 duobus
1254 4225 1340 4295 locis
1359 4234 1537 4314 receptum

273 4362 327 4421 est
346 4372 366 4420 a
385 4351 675 4423 Weissenbornio.
710 4352 866 4439 Itemque
884 4349 984 4420 Deci
1012 4370 1054 4418 ex
1080 4347 1221 4419 Manilio
1245 4349 1345 4420 affert
1362 4348 1541 4422 Lucienus

269 4473 458 4545 Muellerus
478 4477 513 4546 11
533 4477 621 4549 libro
640 4478 683 4548 de
703 4476 915 4547 1111111111.
936 4472 1062 4544 Restat
1081 4473 1167 4543 alter
1185 4480 1414 4563 pentameter,
1434 4481 1474 4545 ut
1493 4475 1538 4547 de

269 4597 426 4670 omnibus
446 4592 701 4690 Eschenburgii
719 4597 935 4690 argumentis
955 4595 1086 4668 dictum
1104 4594 1160 4666 sit.
1195 4594 1262 4667 Ubi
1281 4596 1372 4685 quod
1392 4595 1539 4669 offendit
