3166 5146
682 233 891 301 -21...

154 440 214 511 alii
233 460 270 512 se
288 446 360 512 tam
379 441 448 512 cito
466 440 576 513 amori
594 440 742 532 dedidit,
763 441 798 512 id
816 462 927 532 neque
941 441 985 513 ab
999 441 1109 537 ipsius
1127 451 1252 514 natura
1271 444 1420 515 alienum

155 569 297 656 statuas,
317 567 346 637 si
364 571 399 636 et
415 564 477 655 IV,
498 567 533 637 8.
554 569 589 638 et
603 565 649 658 H,
668 568 728 637 23.
749 564 918 657 conferas,
939 586 1002 639 nec
1020 571 1154 657 pugnat
1171 586 1250 638 cum
1268 567 1310 639 iis
1320 563 1420 658 'quae
1521 572 1523 585 '

153 689 245 762 idem
273 687 416 762 Ovidius
441 688 570 760 ibidem
595 692 682 762 441.
712 691 898 781 praecipit,
925 695 966 763 nt
993 691 1024 762 si
1053 690 1131 780 quis
1153 690 1313 763 desinere
1335 692 1421 765 velit

81 864 84 871 ι
156 833 272 885 amare
294 833 418 884 novum
441 812 507 884 sibi
531 833 682 885 amorem
704 814 865 886 inveniat.
911 815 1093 886 Postremo
1120 804 1218 886 addit
1242 812 1421 888 Garuttius

151 957 245 1029 ,quae
264 937 307 1008 de
325 937 422 1026 aquis
442 934 573 1027 Stygiis
592 937 750 1010 dicantur
769 958 809 1011 ea
827 944 864 1010 et
883 959 960 1011 cum
978 937 1104 1011 fabulis
1123 945 1160 1010 et
1177 958 1254 1010 cum
1272 939 1315 1010 iis
1336 958 1423 1028 quae

157 1070 313 1137 extrema
339 1066 376 1135 in
402 1064 514 1154 elegia
541 1067 775 1134 memorentur
801 1083 966 1154 pugnare.
1013 1062 1063 1133 At
1085 1059 1244 1134 cornelia
1272 1083 1350 1134 cum
1379 1063 1422 1135 de

76 1230 83 1245 ι
155 1187 259 1279 Styge
277 1189 364 1260 nihil
380 1195 517 1279 narret,
545 1187 636 1278 quod
662 1191 794 1278 pugnet
820 1207 895 1259 cum
915 1187 982 1259 hoc
1007 1190 1160 1260 carmine
1182 1191 1297 1263 dicere
1332 1191 1421 1263 nihil

152 1319 284 1404 potest3
304 1313 390 1385 alios
404 1317 519 1384 antem
535 1313 725 1402 scriptores
742 1331 805 1383 nec
819 1311 1017 1400 discrepare
1035 1313 1211 1385 interdum
1230 1312 1273 1385 de
1292 1334 1331 1385 re
1348 1321 1421 1387 tam

156 1436 303 1508 obscura
321 1437 445 1508 mirum
465 1443 530 1523 est,
550 1455 614 1506 nec
632 1438 747 1507 tamen
766 1455 885 1507 omues
900 1435 1101 1526 discrepare
1114 1435 1214 1508 facile
1233 1419 1276 1508 cix
1289 1438 1334 1509 iis
1347 1458 1422 1510 cer-

152 1562 248 1633 nitur
265 1581 355 1651 quae
372 1561 508 1651 pridem
521 1561 557 1630 in
572 1559 826 1632 commentariis
844 1558 889 1630 ad
906 1559 999 1631 hunc
1013 1560 1127 1632 locum
1142 1560 1307 1632 adnotata
1326 1558 1428 1634 sunt:⁴

87 1756 91 1766 ,
153 1685 289 1757 Sallust.
312 1683 389 1756 (iat.
410 1703 440 1755 c.
463 1685 523 1755 52.
552 1681 639 1754 falsa
657 1682 857 1753 existimans
875 1702 931 1772 ea,
961 1703 1049 1772 quae
1078 1684 1121 1756 de
1149 1682 1271 1755 inieris
1289 1706 1422 1759 memo·

154 1814 290 1897 rantur,
310 1808 474 1880 divorso
492 1807 643 1877 itinere
661 1803 770 1877 malos
788 1804 921 1877 abonis
938 1806 1015 1877 loca
1031 1812 1135 1898 tetra,
1156 1807 1300 1900 inculta,
1320 1808 1421 1881 foeda

156 1938 259 2021 atque
287 1928 510 2000 formidolosa
538 1929 678 2001 habere.
705 1929 813 2020 Verg.
834 1929 919 2001 Aen.
941 1929 1004 2018 VI,
1026 1931 1113 2002 540.
1142 1931 1210 2002 Hic
1237 1932 1337 2004 locus
1366 1938 1422 2004 est

156 2054 266 2144 partis
285 2053 345 2125 ubi
363 2074 401 2125 se
419 2054 485 2125 via
502 2051 628 2124 findit
645 2054 685 2124 in
705 2053 851 2125 ambas.

235 2175 388 2247 Primam
407 2177 562 2268 elegiam,
582 2198 603 2248 a
622 2197 689 2268 qua
707 2177 853 2249 alteram
871 2180 1007 2267 partem'
1026 2183 1177 2270 separat,
1193 2179 1236 2251 de
1252 2199 1318 2268 quo
1333 2178 1424 2253 infra

154 2299 358 2389 videbimus,
377 2301 461 2370 item
480 2301 635 2391 alteram,
656 2306 828 2394 quartam,
849 2308 993 2391 sexum,
1013 2323 1148 2390 nonam,
1164 2303 1331 2374 decimam
1347 2323 1424 2374 cum

153 2422 337 2515 Propertio
350 2424 508 2514 abrogat,
525 2424 786 2496 fundamentum
799 2425 910 2495 totius
923 2425 1231 2511 argumentationis
1244 2424 1310 2494 hoc
1325 2423 1422 2513 facit,

92 2557 96 2563 “
153 2552 194 2618 ut
211 2547 270 2618 illa
287 2545 478 2638 fragmenta
496 2553 611 2619 sumat
630 2549 704 2619 eius
723 2565 800 2619 esse
819 2549 1002 2639 poematis,
1023 2567 1090 2636 quo
1109 2547 1207 2618 Fasti
1226 2554 1273 2638 et,
1290 2553 1329 2618 ut
1342 2546 1423 2619 bar·

154 2670 237 2742 bare
256 2671 322 2760 ait,
342 2671 519 2761 religionis
538 2671 740 2744 Latinarum
756 2672 965 2743 traditiones
985 2675 1135 2743 tractata
1152 2668 1293 2742 fuerint.
1315 2670 1423 2759 Quale

153 2815 278 2886 poema
295 2816 406 2886 neque
424 2796 467 2867 ab
485 2797 563 2886 ipso
582 2795 764 2886 Propertio
783 2815 893 2886 neque
912 2815 954 2866 eo
973 2803 1111 2867 mortuo
1136 2793 1179 2865 ab
1199 2794 1319 2868 amicis
1347 2814 1423 2867 esse

155 2920 284 2993 editum
303 2941 346 2991 ex
365 2941 404 2991 eo
424 2920 577 3010 coniicit,
597 2920 689 3010 quod
709 2918 853 2992 Ovidius
870 2939 1038 3009 nusquam
1057 2920 1132 2990 eius
1146 2920 1352 2991 mentionem
1371 2918 1424 2992 fa·

155 3046 239 3133 aiat,
259 3043 350 3133 quod
368 3045 445 3134 ipse
462 3043 526 3135 III,
548 3047 584 3114 3.
602 3064 670 3114 nou
688 3042 902 3130 huiusmodi,
921 3041 983 3112 sed
1001 3042 1133 3132 epicum
1150 3063 1187 3113 se
1201 3062 1324 3132 poema
1342 3065 1423 3116 nar·

156 3174 212 3238 ret
225 3167 394 3256 attigisse,
415 3168 506 3256 quod
523 3167 632 3238 oratio
647 3165 909 3255 aPropertiana
923 3163 1060 3237 differat
1072 3166 1250 3257 multaque
1261 3165 1423 3239 Ovidium

154 3289 322 3362 imitantis
348 3289 495 3379 vestigia
520 3290 702 3380 praebeat,
732 3290 824 3381 quod
850 3290 974 3361 harum
1002 3297 1124 3362 auctor
1151 3289 1339 3381 elegiarum
1358 3312 1423 3365 nec

155 3413 296 3486 Latinas
324 3433 388 3484 uec
416 3409 568 3485 Graecas
589 3412 725 3485 fabulas
748 3413 833 3485 satis
854 3415 1008 3504 cognitas
1026 3414 1165 3486 habeat.
1195 3413 1304 3487 (luins
1321 3415 1423 3488 nobis

156 3537 464 3628 argumentationis
482 3557 546 3608 nec
562 3535 821 3610 fundamentum
839 3559 902 3609 nec
922 3546 1118 3610 ceterorum
1138 3539 1323 3629 quidquam
1343 3559 1422 3629 pro·

158 3660 229 3732 bat.
258 3662 347 3733 Nam
369 3661 542 3751 principio
561 3661 645 3732 illud
664 3663 776 3752 ipsum
795 3663 869 3734 sine
889 3681 993 3733 causa
1012 3663 1162 3732 sumitur
1181 3683 1257 3734 esse
1274 3663 1334 3733 illa
1352 3683 1423 3734 ma·

158 3783 242 3855 ioris
260 3785 437 3857 cuiusdam
456 3787 499 3857 de
519 3785 627 3857 sacris
647 3793 682 3858 et
696 3785 817 3859 diebus
837 3785 1005 3876 poematis
1024 3783 1229 3874 fragmenta.
1250 3783 1350 3872 Quod
1364 3787 1424 3876 qui

159 3905 224 3978 sibi
242 3919 507 3998 persuaserunt,
529 3909 643 3983 Ovidii
663 3910 818 4001 exemplo
836 3908 976 3998 impulsi
996 3915 1088 3999 sunt,
1108 3909 1166 3998 qui
1186 3907 1280 3995 quod
1298 3909 1423 3982 Fastos

157 4032 361 4122 composuit,
379 4033 597 4125 Propertium
618 4053 753 4125 quoque
773 4033 884 4105 simile
902 4054 1025 4124 poema
1044 4033 1074 4103 si
1092 4052 1159 4102 non
1177 4031 1368 4105 absolvisse
1386 4039 1423 4105 at

157 4157 337 4228 inchoasse
351 4161 466 4229 tamen
481 4159 735 4231 existimarunt.
756 4158 910 4247 Quorum
924 4157 1003 4229 luce
1019 4157 1147 4229 clarius
1162 4163 1307 4249 apparet
1321 4179 1423 4249 quam

154 4281 280 4352 vitiosa
297 4281 345 4352 sit
362 4281 591 4354 ratiocinatio.
639 4281 806 4353 Similiter
829 4283 919 4353 enim
938 4281 1107 4371 quispiam
1126 4282 1301 4370 coniiciat,
1330 4281 1422 4372 quod

157 4402 300 4476 Ovidius
319 4411 428 4476 artem
442 4407 579 4478 amandi
593 4407 852 4496 conscripserit,
873 4427 961 4496 quae
981 4408 1135 4498 singulae
1154 4409 1284 4498 elegiae
1303 4409 1422 4479 huius·

157 4529 249 4601 modi
268 4535 454 4620 praecepta
468 4531 751 4621 contineant,eas
771 4531 892 4602 similis
911 4531 1120 4619 maiorisque
1140 4534 1255 4624 operis
1274 4552 1348 4604 esse
1367 4551 1421 4602 re-
