3166 5146
779 255 983 322 ,50-

141 438 144 449 ¹
252 465 371 552 quovis
394 465 505 535 lexico
529 464 629 535 facile
652 472 834 554 petantur;
865 465 908 536 de
937 486 999 535 sua
1027 471 1142 535 autem
1170 466 1279 553 ipsius
1308 464 1524 535 divinatione

250 608 329 656 cum
348 587 506 679 loquatur
521 591 745 679 horoscopus,
759 611 799 660 co
820 590 997 679 aptissime
1013 589 1286 661 demonstrativo
1302 589 1414 660 utitur
1427 588 1521 678 quod

249 711 378 798 primae
405 734 575 804 personae
604 715 750 785 maxime
779 715 960 804 proprium
984 725 1047 785 est.
1077 713 1130 783 Ad
1153 711 1372 784 Calchantem
1401 721 1519 799 autem

248 835 334 904 hene
354 838 541 908 tenendum
561 846 614 909 est
633 839 700 909 duo
719 846 838 909 vatum
853 859 928 908 esse
951 836 1075 927 officia,
1091 858 1158 907 nou
1178 837 1286 908 solum
1304 836 1520 927 quaefutura

34 992 38 999 ·
138 950 142 955 ’
247 959 315 1028 sint
334 961 548 1052 praedicere,
569 967 621 1033 set
638 962 741 1032 etiam
764 982 805 1031 ex
823 961 1018 1032 futurarum
1034 983 1152 1033 rerum
1167 963 1309 1033 scientia
1327 962 1410 1051 quid
1426 960 1518 1050 lieri,

129 1178 134 1185 .
248 1084 330 1171 quid
348 1105 414 1154 non
434 1092 596 1174 oporteat
615 1107 766 1159 monere.
790 1086 878 1156 lllud
898 1087 1089 1173 praestitit3
1111 1107 1199 1174 quae
1218 1087 1308 1156 enim
1329 1087 1371 1156 de
1390 1086 1516 1157 Troiae

246 1208 389 1278 interitu
408 1210 630 1300 praedixerat
649 1216 862 1296 evenerunt3
887 1210 990 1280 alteri
1014 1208 1125 1280 defuit
1149 1209 1274 1300 officio,
1299 1232 1376 1281 cum
1401 1210 1443 1280 de
1463 1211 1517 1279 iu-

245 1330 338 1402 felici
365 1334 480 1405 reditu
510 1333 722 1406 Graecorum
751 1334 836 1403 nihil
863 1342 1040 1423 moueret,
1071 1335 1130 1405 sed
1160 1334 1204 1404 iis
1232 1334 1385 1423 quaeda
1410 1334 1517 1404 Troia

244 1459 504 1545 vaticinaretur,
534 1464 572 1528 ut
595 1458 900 1547 proficiscerentur
927 1465 1031 1547 atque
1060 1479 1102 1528 ex
1126 1479 1249 1546 magna
1271 1464 1371 1550 parte
1395 1465 1517 1547 posteo

244 1582 426 1652 interirent
449 1588 572 1652 auctor
596 1584 773 1652 existeret.
803 1584 916 1670 Atque
939 1583 1005 1654 hoc
1028 1583 1144 1671 ipsum
1167 1583 1224 1653 hio
1247 1588 1400 1653 notatur.
1424 1582 1515 1653 Nam

244 1707 331 1776 hene
351 1706 533 1776 haerentes
558 1713 652 1776 rates
682 1706 768 1776 male
792 1706 896 1786 solvit
918 1728 958 1776 ac
980 1706 1165 1796 navigandi
1183 1706 1280 1777 dedit
1302 1705 1513 1798 facultatem,

244 1831 309 1900 etsi
328 1831 371 1901 ab
392 1851 432 1902 ea
451 1831 668 1920 navigatione
696 1830 840 1921 plurimi
859 1852 926 1900 non
945 1838 1045 1901 erant
1063 1831 1222 1902 redituri.
1252 1831 1382 1901 Merito
1407 1833 1515 1920 igitur

243 1957 315 2024 cius
341 1955 496 2043 exemplo
521 1954 677 2040 docetur,
708 1975 776 2024 non
800 1955 936 2041 quidem
961 1954 1046 2026 falsa
1070 1976 1145 2026 esse
1169 1976 1256 2045 quae
1281 1955 1359 2025 aliis
1385 1956 1514 2027 divina-

241 2080 345 2148 tionis
365 2079 548 2167 generibus
568 2077 825 2167 praedicantur,
848 2085 884 2148 at
901 2101 1023 2167 parum
1048 2101 1089 2149 ea
1106 2080 1149 2149 ad
1169 2079 1405 2169 impendentia
1423 2079 1512 2151 mala

243 2203 381 2273 vitanda
401 2204 525 2273 valere.
549 2202 588 2278 Id
608 2207 725 2272 autem
745 2203 810 2271 hoc
830 2202 906 2272 loco
925 2204 1075 2272 maxime
1095 2203 1138 2272 ad
1158 2224 1232 2273 rem
1247 2204 1411 2292 pertinet,
1433 2224 1505 2274 cum

241 2327 455 2417 horoscopus
474 2348 541 2396 non
563 2327 664 2397 modo
694 2327 776 2416 quid
802 2334 1004 2397 eventurum
1029 2327 1075 2396 sit
1099 2327 1246 2417 aperiat,
1276 2327 1338 2396 sed
1362 2327 1505 2416 primum

240 2453 391 2521 omnium
410 2460 449 2522 ut
468 2451 544 2522 aliis
562 2451 678 2521 missis
699 2451 815 2540 elegos
836 2455 940 2539 atque
969 2451 1139 2521 amatoria
1159 2452 1311 2521 carmina
1331 2458 1511 2540 componat

137 2576 141 2583 '
239 2577 461 2665 Propertium
481 2576 699 2646 adhortetur.
731 2575 803 2645 Nec
832 2596 913 2645 vero
938 2584 998 2646 aut
1022 2576 1154 2645 solatur
1173 2576 1312 2646 Troiam
1331 2581 1393 2644 aut
1412 2576 1509 2646 Aiaci

219 2700 364 2800 illudit,
385 2699 445 2768 sed
465 2719 528 2786 per
546 2698 795 2786 apostropham
816 2698 896 2786 quid
916 2697 1044 2768 lactum
1066 2700 1113 2769 sit
1132 2706 1261 2769 narrat.
1283 2698 1379 2786 Quae
1398 2698 1506 2789 figura

238 2824 303 2895 etsi
322 2823 431 2893 multo
452 2823 591 2910 saepius
611 2820 654 2892 de
673 2821 882 2892 instantibus
896 2822 1001 2892 rebus
1019 2822 1215 2912 adhibetur,
1232 2843 1375 2911 prorsus
1395 2831 1511 2895 tamen

238 2948 398 3018 similiter
417 2947 459 3017 de
478 2968 518 3016 re
537 2946 727 3037 praeterita
746 2954 935 3037 usurpatur
953 2947 1017 3036 ΙΙΙ,
1041 2949 1075 3035 7,
1101 2950 1159 3017 17.
1182 2969 1209 3018 s

343 3163 450 3232 Paete
470 3161 551 3250 quid
572 3167 722 3230 aetatem
742 3181 913 3248 numeras,
934 3161 1016 3247 quid
1038 3181 1118 3229 cara
1137 3162 1269 3232 natanti

395 3287 512 3356 Mater
531 3285 566 3353 in
587 3304 646 3353 ore
665 3283 727 3352 tihi
748 3284 886 3355 est?—

235 3516 301 3586 nisi
321 3516 412 3606 quod
431 3515 488 3585 hic
508 3535 572 3604 pro
592 3514 798 3604 imperativo
819 3514 1048 3600 interrogatio
1068 3521 1131 3585 cst.
1149 3555 1198 3566 -
1219 3515 1344 3585 Restat
1362 3515 1511 3586 ultimus

235 3641 337 3711 huius
356 3640 485 3729 elegiae
514 3639 611 3711 locus
632 3661 731 3728 quem
751 3644 863 3709 tentat
886 3638 1171 3726 Luettiohannes,
1198 3638 1274 3708 dico
1294 3661 1342 3709 vs.
1369 3643 1456 3711 14].
1479 3662 1508 3711 s.

339 3854 387 3922 Et
405 3855 492 3924 hene
512 3874 590 3924 cum
609 3850 712 3923 fixum
732 3859 850 3922 mento
870 3830 1077 3922 discusseris
1096 3871 1221 3921 uncum

392 3977 453 4046 Nil
473 3978 541 4046 crit
559 3978 647 4046 hoc:
670 3982 785 4046 rostro
804 3981 840 4044 te
859 3983 996 4065 premet
1014 3994 1099 4045 ansa
1118 3995 1191 4045 suo.
1205 4016 1255 4027 -

233 4226 319 4296 quos
336 4206 393 4287 ille
413 4213 493 4294 post
507 4227 558 4276 vs.
581 4209 663 4277 138.
680 4207 828 4278 collocat
846 4213 881 4276 et
899 4225 963 4294 pro
984 4211 1023 4274 et
1042 4205 1319 4277 interiectionem
1339 4208 1375 4276 ei
1394 4210 1507 4296 ponit.

230 4332 344 4402 Aliter
367 4331 457 4401 euim
481 4352 559 4402 cum
587 4330 673 4401 illud
697 4329 782 4419 fore,
810 4340 850 4400 ut·
877 4337 919 4400 ct
947 4329 1119 4416 particula
1147 4331 1336 4419 superioris
1362 4331 1509 4403 distichi

229 4457 426 4547 exemplum
444 4457 499 4527 vel
519 4457 704 4547 explicatio
725 4456 814 4526 male
832 4455 999 4526 afferatur
1019 4458 1147 4542 etpost
1165 4456 1343 4543 graviores
1364 4455 1507 4528 dolores

228 4583 337 4654 multo
364 4583 517 4653 minores
545 4582 729 4672 Propertio
756 4581 1015 4671 praedicantur,
1044 4574 1196 4677 tum,',id
1221 4581 1312 4668 quod
1335 4581 1506 4669 gravissi·
