3166 5146
601 214 808 283 ..27-

71 446 140 498 non
157 425 194 496 id
213 422 328 496 facere
348 422 439 514 quod
457 423 525 494 iam
543 424 713 514 attigerit,
743 425 803 496 sed
831 422 921 514 qnod
945 423 1011 493 nisi
1030 430 1210 495 vetaretur
1229 426 1336 498 susci·

28 639 31 644 ι
69 554 178 639 peret.
198 549 311 639 Atque
331 547 451 620 eadem
469 548 560 619 ratio
579 557 642 639 est,
662 569 741 620 cum

69 742 97 832 I,
121 742 182 832 22,
204 744 238 814 9.
260 764 286 814 s
317 740 479 812 Proxima
498 742 673 830 supposito
693 741 895 832 contingens
914 738 1059 812 Umbria
1078 761 1198 831 campo

376 865 436 937 Me
455 864 574 956 genuit
593 865 698 937 terris
717 863 840 937 fertilis
859 864 1087 937 uberibus—-

16 1092 19 1097 ¹
56 1061 266 1150 ‘discrepare
285 1060 416 1131 indicat
434 1080 455 1130 a
473 1079 523 1130 vs.
550 1064 634 1130 125.

70 1255 340 1345 Scaudentisque
359 1255 453 1327 Asisi
473 1252 565 1340 (Car.
577 1253 713 1325 scribit:
729 1253 835 1343 arcis)
855 1253 1033 1343 consurgit
1051 1255 1183 1327 vertice
1202 1275 1334 1327 murus,

149 1447 232 1536 Quis
256 1451 346 1521 enim
365 1468 432 1520 non
451 1448 549 1518 videt
568 1449 775 1538 supposito
795 1467 931 1538 campo
952 1446 1104 1519 dativum
1123 1468 1199 1520 esse
1219 1455 1337 1538 aptum

70 1595 112 1644 ex
129 1573 328 1663 proxima,
348 1579 388 1642 ut
405 1568 586 1660 utrobique
605 1554 718 1642 editus
736 1572 834 1643 locus
854 1568 1092 1675 significetur?
1111 1570 1185 1643 Nec
1210 1572 1337 1643 maiore

68 1698 144 1768 iure
159 1703 262 1786 negat
276 1695 456 1766 Oaruttius
471 1694 691 1783 Propertium
705 1696 817 1784 ipsum
832 1716 868 1766 se
882 1695 1071 1766 Romanum
1088 1694 1336 1768 Callimachum

69 1820 241 1910 appellare
260 1820 423 1908 potuisse.
470 1816 566 1889 Haec
585 1819 673 1889 enim
695 1820 722 1889 si
743 1838 810 1906 qua
828 1825 883 1890 est
900 1819 1132 1909 immodestia,
1154 1831 1250 1891 certe
1270 1840 1337 1891 non

71 1945 181 2014 maior
209 1952 263 2014 est
290 1961 391 2031 quam
418 1951 676 2013 mouumentum
704 1961 784 2014 aere
813 1942 998 2032 perennius
1027 1941 1093 2014 sibi
1117 1943 1336 2033 vindicantis,

72 2086 174 2156 quam
191 2067 249 2137 ille
267 2065 447 2156 Propertio
465 2067 654 2156 permittit,
682 2087 745 2137 nec
764 2066 894 2138 leviora
912 2056 964 2157 ea,
985 2087 1072 2157 quae
1091 2067 1151 2139 alii
1169 2067 1336 2158 multique

70 2197 194 2279 poetae
214 2189 256 2293 de
276 2208 338 2260 sua
355 2189 465 2279 gloria
483 2191 695 2280 praedicant.

147 2313 217 2385 Sed
236 2321 355 2384 contra
373 2334 429 2405 ea,
462 2334 549 2406 quae
569 2337 588 2386 a
608 2315 768 2387 Garuttio
787 2314 967 2403 dicuntur,
997 2316 1081 2386 satis
1110 2321 1163 2384 est
1191 2312 1333 2384 dictum:

67 2455 157 2508 nnnc
185 2456 272 2527 quae
301 2437 344 2508 ab
372 2437 448 2509 aliis
472 2438 509 2508 in
531 2438 673 2528 singulis
692 2438 852 2510 versibus
871 2447 1044 2509 novantur
1065 2436 1333 2508 consideremus.

67 2560 184 2632 Prima
210 2561 318 2652 igitur
346 2563 381 2632 in
408 2562 518 2652 elegia
545 2559 830 2653 Eschenburgius
858 2562 1040 2652 Propertio
1069 2580 1118 2631 vs.
1148 2562 1194 2632 33
1211 2600 1256 2614 -
1272 2562 1332 2634 36.
1361 2645 1365 2653 ,
1405 2590 1408 2603 ·

70 2684 234 2775 derogat:

173 2877 304 2970 Quippe
322 2880 542 2953 suburbanae
559 2901 669 2971 parva
687 2882 799 2953 minus
819 2881 906 2953 urbe
925 2880 1093 2970 Bovillae,

225 3004 271 3075 Et
291 3005 350 3095 qui
368 3026 459 3076 nunc
477 3005 562 3075 nulli
580 3005 731 3076 maxima
749 3004 855 3076 turba
875 3003 977 3093 Gabi,

172 3127 220 3198 Et
238 3129 336 3199 stetit
354 3128 441 3199 Alba
459 3134 593 3218 potem,
613 3127 711 3200 albae
731 3127 803 3199 suis
821 3129 935 3199 omine
953 3134 1051 3217 nata,

226 3250 302 3323 Hac
321 3250 383 3322 ubi
400 3249 546 3324 Fidenas
564 3253 665 3340 longe
684 3258 760 3323 erat
777 3253 846 3324 isse
865 3253 948 3324 vias.

147 3425 204 3498 Sic
224 3396 597 3498 enim—rias-cum
616 3428 773 3499 omnibus
791 3427 891 3499 libris
910 3427 1158 3517 manuscriptis
1179 3425 1332 3498 scriben-

70 3549 149 3620 dum
169 3560 331 3640 putamus
355 3559 501 3642 propter
524 3572 601 3622 eum
623 3551 857 3643 locum-quem
878 3549 967 3622 infra
986 3572 1108 3623 rursus
1128 3571 1333 3623 commemo·

70 3672 223 3743 rabimus
246 3675 274 3761 I,
297 3677 357 3765 20,
382 3675 441 3747 18.
488 3672 673 3764 Egressum
700 3674 801 3764 longe
829 3674 1000 3746 Phasidos
1024 3675 1092 3746 isse
1115 3676 1217 3746 viam.
1265 3672 1333 3744 Sed

70 3795 162 3866 illius
181 3797 327 3884 primum
345 3806 582 3888 argumentum
601 3819 668 3870 non
687 3807 807 3870 contra
826 3819 904 3870 eum
919 3820 1022 3890 quem
1035 3818 1097 3869 nos
1112 3798 1168 3869 hic
1182 3819 1224 3868 ex
1239 3796 1332 3868 Nea-

69 3920 220 4010 politano
239 3920 415 3995 attulimus
435 3944 572 3996 versum
590 3926 651 4010 33,
672 3923 731 3995 sed
746 3929 868 3996 contra
882 3944 957 3995 eum
975 3942 1076 4013 quem
1092 3921 1332 3993 Lachmannus

70 4045 208 4134 scripsit
227 4044 421 4135 profertur:

88 4286 91 4291 .
173 4220 304 4313 Quippe
323 4221 541 4295 suburbanae
558 4244 665 4312 parva
683 4224 835 4295 eminus
854 4224 939 4297 urbe
958 4221 1112 4295 Bovillae
1129 4262 1190 4293 —-.

145 4398 258 4489 Negat
285 4399 376 4471 enim
403 4399 539 4488 longam
567 4399 733 4490 syllabam
761 4400 796 4469 in
822 4406 922 4471 acuta
939 4399 1011 4469 arsi
1030 4419 1050 4468 a
1067 4397 1250 4489 Propertio
1270 4419 1331 4487 po·

67 4523 174 4594 tuisse
193 4523 289 4615 elidi,
316 4524 397 4614 quia
415 4524 582 4595 eiusmodi
601 4524 695 4596 elisio
714 4531 775 4595 aut
793 4543 935 4614 prorsus
954 4522 1084 4594 vitetur
1102 4544 1123 4594 1
1141 4523 1253 4612 poetis
1272 4527 1332 4593 aut
