3166 5146
680 197 888 266 -1uu-

247 412 306 480 67.
336 409 427 479 Filia
447 416 483 478 tu
503 409 675 496 specimen
695 428 863 479 censurae
881 415 963 481 nata
981 414 1156 497 paternae,

388 533 457 604 Fac
476 537 595 603 teneas
616 552 719 603 unum
738 553 801 602 nos
820 531 956 603 imitata
974 532 1098 601 virum.
1121 571 1171 581 —

153 747 249 818 Idem
268 755 347 818 ante
367 769 416 817 vs
440 749 499 816 63.
525 746 670 816 collocat
689 766 738 816 ns.
762 748 822 815 97.
844 767 871 816 s.

301 962 347 1032 Et
369 962 458 1031 bene
480 959 603 1045 habet;
626 979 808 1047 numquam
828 963 940 1027 mater
957 957 1118 1046 lugubria
1140 961 1286 1049 sumpsi:

354 1085 464 1155 Venit
481 1085 516 1154 in
537 1084 698 1172 exequias
718 1089 791 1153 tota
811 1090 948 1153 caterva
966 1104 1060 1152 meas
1079 1123 1130 1136 -

155 1301 233 1390 quia
253 1305 288 1369 et
307 1298 479 1370 sententia
500 1298 574 1369 eius
598 1297 666 1368 luci
689 1317 766 1368 cum
790 1296 969 1384 superiore
992 1296 1181 1367 liberorum
1212 1321 1418 1374 commemo-

154 1426 287 1496 ratione
316 1422 519 1510 cohaereat,
550 1442 661 1510 neque
687 1421 795 1491 verba
822 1422 873 1493 Et
900 1420 998 1491 bene
1026 1421 1149 1492 habet
1175 1423 1261 1495 alibi
1287 1428 1420 1514 possint

155 1551 239 1620 satis
257 1549 416 1638 intelligi.
445 1547 667 1617 Antecedunt
686 1551 801 1617 autem
820 1546 857 1615 hi
875 1567 1009 1617 versus:

194 1763 254 1833 95.
276 1760 373 1849 Quod
393 1761 476 1830 milri
496 1758 692 1830 detractum
712 1764 776 1848 est,
796 1763 931 1828 vestros
951 1759 1094 1828 accedat
1113 1759 1157 1828 ad
1175 1780 1295 1832 annos.

328 1883 429 1956 Prole
448 1904 524 1954 mea
540 1883 697 1955 Paullum
718 1883 766 1954 sic
785 1883 881 1954 iuvet
900 1902 977 1952 esse
1000 1903 1127 1954 senem.
1153 1924 1198 1935 -

153 2118 201 2189 At
223 2118 346 2189 melius
369 2116 412 2187 de
435 2117 478 2186 iis
504 2116 606 2185 etiam
633 2134 718 2202 quos
742 2119 919 2205 oppugnat
940 2113 1025 2186 locis
1052 2115 1251 2206 iudicasset,
1281 2117 1311 2186 si
1335 2119 1420 2188 satis

155 2242 410 2313 considerasset
430 2259 516 2328 quae
535 2239 639 2308 huius
659 2238 789 2326 elegiae
805 2246 894 2308 esset
908 2239 997 2309 ratio
1013 2245 1048 2309 et
1063 2241 1277 2327 compositio.
1299 2239 1420 2313 Omnis

155 2367 244 2437 enim
260 2367 334 2436 eius
353 2364 523 2435 orationis
543 2384 630 2452 quae
649 2368 728 2452 post
746 2362 860 2433 Paulli
881 2364 1148 2434 consolationem
1168 2364 1238 2435 sive
1253 2385 1273 2434 a
1288 2385 1338 2435 vs.
1359 2369 1418 2436 15.

154 2491 237 2581 sive,
267 2491 295 2560 si
320 2489 499 2560 exordium
525 2488 677 2576 excipias
701 2509 721 2558 a
744 2507 794 2557 vs.
817 2490 877 2557 29.
904 2486 1052 2575 orditur,
1076 2495 1192 2577 partes
1215 2496 1297 2559 sunt
1319 2489 1420 2582 duae,

156 2636 299 2705 quarum
321 2612 468 2684 inferior
495 2613 529 2681 in
558 2613 746 2683 liberorum
776 2619 812 2682 et
837 2611 954 2681 mariti
981 2617 1102 2681 mutua
1129 2611 1418 2684 commendatione

153 2739 381 2825 consumitur,
415 2737 573 2825 superior
606 2737 642 2804 in
673 2756 798 2822 genere
831 2733 986 2805 funebris
1013 2736 1223 2806 laudationis
1251 2744 1415 2808 uersatur.

156 2861 241 2933 Onm
260 2867 378 2932 autem
395 2880 458 2948 per
476 2860 541 2929 lroc
567 2878 665 2948 opus,
690 2863 728 2927 ut
750 2855 1000 2944 Quinctilianus
1024 2858 1084 2947 ait,
1109 2880 1178 2929 non
1198 2881 1266 2930 uua
1284 2861 1341 2931 via
1359 2862 1419 2932 du-

155 2990 265 3075 catur,
285 2982 448 3055 Cornelia
467 2982 560 3052 hunc
585 2982 739 3053 ordinem
762 2982 798 3051 in
822 2980 1088 3082 demonstranda
1112 2982 1183 3052 vita
1205 2982 1359 3072 adhibet,
1383 2991 1421 3054 ut

154 3111 303 3199 primum
331 3108 468 3196 generis
497 3105 677 3178 nobilitate
705 3111 906 3193 memorata,
938 3106 1062 3176 deinde
1090 3106 1303 3179 matrimonii
1330 3106 1422 3180 facta

153 3235 328 3304 mentione
351 3253 428 3302 cum
456 3232 636 3318 utriusque
666 3226 832 3318 dignitate
861 3249 994 3300 morum
1024 3252 1165 3301 suorum
1193 3231 1312 3303 laudes
1341 3254 1420 3304 con-

153 3365 249 3427 texat
267 3356 438 3445 fidemque
458 3354 668 3423 matrimonii
686 3360 721 3424 et
739 3355 775 3425 in
794 3362 939 3426 matrem
957 3355 1124 3445 pietatem
1142 3356 1334 3447 praedicet,
1350 3366 1420 3428 turn

154 3481 197 3551 ab
217 3481 282 3550 hac
302 3487 463 3568 tanquam
480 3478 527 3549 ad
550 3480 706 3567 praemia
729 3480 804 3550 eius
828 3479 871 3551 ad
896 3481 1019 3552 mortis
1045 3486 1246 3552 ornamenta
1268 3489 1422 3553 transeat

153 3605 257 3694 inque
276 3604 319 3674 iis
343 3604 474 3694 matris,
500 3603 607 3692 urbis,
632 3606 782 3692 Augusti
805 3607 1102 3694 comprobationes
1126 3610 1161 3674 et
1184 3604 1310 3694 luctus,
1335 3607 1421 3678 libe-

154 3748 213 3798 ros
228 3731 327 3798 natos
341 3733 377 3798 et
391 3728 612 3817 superstites,
632 3727 751 3799 fratris
770 3729 920 3800 honores
939 3734 1127 3801 enumeret.
1150 3728 1207 3800 Sic
1227 3731 1317 3800 enim
1336 3730 1422 3800 haec

154 3872 230 3923 esse
249 3854 342 3922 inter
360 3873 397 3924 se
417 3873 572 3923 connexa
590 3857 629 3921 ut
646 3858 806 3940 putemus
829 3859 864 3923 et
886 3854 1131 3942 praeceptione
1157 3874 1278 3923 eorum
1298 3854 1356 3942 qui
1380 3854 1421 3923 de

155 3982 230 4047 arte
247 3975 411 4049 laudandi
430 3977 641 4065 scripserunt
665 3982 700 4047 et
723 3978 892 4048 similibus
917 3978 1061 4049 aliorum
1087 3977 1345 4049 laudationibus
1367 3977 1422 4049 vel

154 4100 446 4172 consolationibus
466 4141 509 4150 -
529 4122 607 4171 nam
626 4122 750 4191 magna
768 4122 849 4191 pars
869 4107 923 4172 est
941 4103 1188 4174 consolationis
1207 4101 1360 4174 laudatio
1373 4142 1419 4154 -

153 4224 365 4296 adducimur.
386 4225 477 4295 Nam
487 4226 621 4297 Auctor
637 4224 679 4296 ad
694 4225 906 4297 Herennium
921 4225 986 4316 Ill,
1002 4229 1036 4297 7.
1053 4232 1235 4316 postquam
1250 4228 1420 4316 quomodo

155 4350 198 4419 ab
227 4350 380 4421 externis
408 4351 530 4436 rebuS,
560 4373 580 4421 a
610 4353 764 4440 corporis
795 4351 994 4441 commodis,
1025 4351 1066 4422 ab
1100 4353 1203 4421 animi
1232 4352 1453 4443 uirtutibus¹

153 4473 286 4546 laudari
307 4475 506 4546 conveniret
524 4475 695 4566 exposuit,
717 4475 754 4546 si
768 4475 951 4566 interierit,
972 4476 1095 4566 inquit,
1116 4460 1309 4547 cuiusmodi
1328 4497 1420 4548 mors
