3166 5146
681 249 890 319 ...39-

153 463 308 535 tnmdem
326 461 401 535 fere
421 462 463 534 de
482 483 545 534 sua
563 461 676 553 patria
693 460 829 533 duobus
848 436 1061 533 locis'tradit
1075 457 1232 549 Ovidius,
1253 460 1312 550 qui
1329 468 1423 550 post·

154 610 256 678 quam
276 592 353 661 Am.
374 589 421 678 ΙΙ,
446 593 479 677 1,
504 592 536 658 1.

258 819 334 891 Hoc
354 839 499 909 quoque,
519 818 643 908 inquit,
664 816 840 906 composui
859 814 1012 907 Pelignls
1032 821 1134 887 natus
1153 815 1293 905 aquosis
1305 854 1356 865 —-

153 1052 230 1121 Am.
253 1050 316 1138 III,
340 1052 400 1139 15,
420 1049 467 1121 in.
488 1049 574 1119 haec
593 1045 709 1118 addit:

262 1284 296 1351 2.
318 1277 412 1367 Quos
432 1299 496 1368 ego
517 1277 709 1367 composui,
725 1276 862 1366 Peligni
881 1277 973 1347 ruris
993 1277 1211 1348 alumnus—

264 1442 296 1510 5.
317 1438 354 1510 Si
373 1438 458 1528 quid
476 1436 512 1507 id
532 1443 595 1526 est,
616 1457 724 1526 usque
743 1457 764 1507 a
781 1437 920 1526 proavis
940 1441 1042 1506 vetus
1061 1434 1190 1506 ordinis
1209 1433 1325 1522 heres,

367 1563 445 1633 Non
464 1562 567 1632 modo
585 1560 732 1631 militiae
750 1560 889 1631 turbine
908 1558 1022 1631 lactus
1041 1579 1158 1650 eques.

264 1726 298 1794 8.
318 1721 486 1809 Pelignae
505 1719 602 1791 dicar
621 1719 732 1810 gloria
751 1721 864 1808 gentis
883 1741 959 1810 ego.

241 1886 299 1952 11.
322 1883 437 1969 Atque
457 1878 581 1968 aliquis
600 1878 760 1968 spectans
780 1879 906 1968 hospes
926 1879 1099 1951 Sulmonis
1117 1879 1240 1969 aquosi

369 2002 522 2092 Moenia,
543 2002 600 2092 qui
619 2004 731 2092 campi
750 2003 873 2092 iugera
891 2023 998 2091 parva
1016 2010 1149 2091 tenent,

317 2127 413 2217 Quae
432 2136 577 2217 tantum,
598 2128 703 2218 dicet,
723 2131 885 2219 potuistis
904 2129 998 2200 ferre
1016 2139 1164 2220 poetam,

371 2251 682 2341 Quantulacumque
701 2252 797 2338 estis,
818 2273 879 2323 vos
899 2273 964 2342 ego
984 2273 1107 2343 magna
1125 2273 1221 2325 voco.

159 2502 232 2570 Aut
250 2500 357 2590 igitur
375 2499 516 2587 utrique
534 2504 596 2568 aut
613 2498 731 2567 neutri
749 2497 922 2587 posterius
942 2518 1082 2568 carmen
1097 2496 1333 2587 derogandum
1348 2497 1425 2567 erit.

160 2624 274 2696 Venio
297 2623 340 2694 ad
364 2622 502 2693 tertiam
525 2620 755 2693 Heimreichii
779 2621 963 2710 rationem,
988 2643 1055 2712 qua
1080 2622 1234 2712 spurium
1258 2613 1334 2693 hoc'
1352 2641 1429 2692 esse

160 2765 301 2817 carmen
319 2745 363 2815 iis
382 2766 470 2835 quae
489 2744 532 2815 de
550 2743 662 2833 patris
686 2752 798 2815 morte
822 2746 1007 2816 immatura
1031 2744 1192 2817 dicantur
1210 2745 1329 2816 studet
1346 2766 1426 2837 pro·

161 2872 257 2960 bare,
286 2871 414 2961 quippe
442 2869 569 2958 quibus
597 2869 683 2940 illud
709 2872 799 2941 male
827 2871 1030 2961 explicetur,
1061 2867 1152 2960 quod
1179 2870 1208 2959 Ι,
1239 2874 1301 2966 22,
1327 2875 1361 2943 7.
1387 2871 1428 2944 de
1536 2940 1541 2948 .

159 2996 327 3085 proiectis
343 2994 510 3065 membris
525 2993 711 3083 propinqui
729 3001 910 3065 narratum
930 2997 987 3065 sit.
1008 2993 1104 3081 Quae
1119 2994 1148 3064 si
1164 3006 1219 3065 est
1233 2996 1428 3085 explicatio,
1533 3089 1536 3096 Ι

162 3138 226 3188 cnr
244 3117 335 3187 mala
353 3124 389 3187 et
417 3137 505 3204 quae
527 3116 790 3205 interpolatoris
817 3119 926 3206 possit
953 3138 1040 3206 esse,
1069 3118 1178 3207 ipsius
1205 3125 1331 3208 poetae
1361 3138 1430 3188 non

161 3240 268 3312 item?
287 3240 343 3311 An
362 3240 452 3329 quod
473 3240 532 3330 qui
550 3261 617 3311 uno
639 3241 714 3312 loco
738 3243 850 3313 minus
873 3243 1014 3330 proprie
1036 3243 1251 3333 propinquus
1275 3235 1429 3330 appella·

162 3372 219 3438 tus
237 3369 302 3453 est,
323 3363 380 3434 hic
398 3363 542 3452 proprio
562 3366 671 3454 patris
689 3366 828 3437 nomine
847 3365 1066 3456 appellatur?
1085 3367 1133 3455 At
1152 3367 1203 3438 sic
1222 3367 1300 3455 ipse
1315 3386 1431 3438 secum

163 3496 295 3579 pugnet
327 3487 605 3578 Heimreichius,
636 3490 696 3580 qui
714 3510 819 3582 sopra
848 3510 950 3580 quem
982 3491 1210 3562 tractavimus
1238 3490 1350 3563 locum
1378 3489 1431 3561 id·

163 3612 259 3691 ,circo
277 3610 312 3682 in
331 3611 474 3683 dubium
493 3617 605 3701 vocat,
635 3612 725 3702 quod
751 3613 836 3685 nihil
855 3613 935 3684 novi
959 3610 1106 3692 adferat,
1130 3614 1220 3685 hunc
1240 3615 1331 3704 quod
1350 3614 1431 3686 affe-

167 3740 222 3804 rat
240 3735 382 3824 aliquid.
403 3736 473 3809 Sed
492 3735 670 3807 mittamus
689 3736 788 3809 haec:
814 3758 881 3808 non
906 3737 997 3807 enim
1016 3736 1160 3808 dubium
1179 3736 1327 3827 videtur,
1350 3739 1432 3827 quin
1476 3751 1480 3758 '

168 3857 205 3929 hi
224 3856 292 3928 dno
310 3857 377 3929 loci
397 3860 441 3932 ad
459 3860 614 3932 diversos
633 3860 790 3933 homiues
806 3860 981 3933 referendi
997 3863 1077 3932 sint.
1093 3859 1181 3932 Nam
1198 3861 1256 3949 qui
1270 3860 1298 3950 Ι,
1317 3865 1378 3950 22,
1395 3866 1431 3934 7.

165 3980 231 4053 hoc
251 3980 409 4053 dixerat:

272 4211 325 4283 Tu
344 4213 530 4301 proiecta
549 4214 615 4285 mei
636 4232 802 4304 perpessu
821 4235 859 4286 es
878 4215 1033 4286 membra
1051 4215 1247 4307 propinqui,

325 4335 378 4407 Tu
397 4337 508 4407 nullo
527 4338 645 4408 miseri
665 4337 820 4429 contegis
838 4358 931 4411 ossa
950 4340 1037 4411 solo
1055 4377 1101 4392 -

168 4563 200 4634 is
218 4585 285 4636 nou
302 4572 441 4656 poterat
459 4567 502 4639 de
522 4567 643 4641 eodem
662 4569 728 4642 hoc
746 4567 862 4643 dicere
881 4570 945 4660 IV,
970 4575 1001 4660 l,
1026 4573 1110 4642 127.
