3166 5146
684 233 892 303 „28-

155 439 261 513 certis
288 440 424 532 legibus
453 461 540 530 quae
563 441 600 512 in
622 443 713 514 bunc
732 442 844 514 locum
862 464 929 514 non
948 443 1074 516 cadant
1093 445 1324 537 contineatur,
1355 446 1422 518 boc

153 571 270 636 autem
288 565 324 635 in
341 566 431 637 libro
450 564 546 654 leges
559 567 788 656 prosodiacae
801 567 999 656 religiosius
1015 586 1117 658 quam
1130 568 1164 639 in
1180 568 1422 658 superioribus

154 688 394 760 observentur.
426 688 616 762 Praeterea
633 691 718 763 haec
737 689 850 764 affert.
879 690 1059 766 Offendere
1078 692 1113 762 in
1132 692 1249 784 priore
1269 692 1422 766 disticho

152 812 315 884 omissum
333 813 492 904 verbum,
522 815 614 905 quod
640 821 730 886 erat
751 815 805 886 vel
825 822 940 888 erant
958 813 1059 887 facile
1078 837 1120 887 ex
1139 815 1282 908 reliquis
1301 812 1421 890 uerbis

151 935 368 1026 intelligatur
392 958 456 1009 nec
485 937 605 1009 stetit
631 938 685 1010 vel
713 944 918 1010 steterunt
946 959 987 1012 ex
1015 938 1179 1012 inferiore
1202 940 1236 1011 in
1261 941 1423 1031 superius

152 1060 326 1133 distichon
342 1062 454 1150 possit
470 1062 638 1152 revocari,
660 1083 737 1134 cum
752 1062 907 1135 Bovillae
925 1064 1106 1135 etiamtum
1125 1065 1298 1156 steterint,
1318 1065 1423 1136 turba

153 1192 268 1256 autem
287 1185 330 1256 ad
351 1186 442 1257 cives
459 1206 528 1257 non
546 1185 589 1256 ad
608 1186 729 1257 urbem
748 1183 936 1258 Gabiorum
955 1194 1098 1278 spectet.
1145 1188 1280 1260 Deinde
1302 1176 1437 1279 inepta¹

154 1307 224 1379 dici
251 1306 401 1380 Bovillas
427 1309 620 1399 posteriore
647 1314 801 1400 tempore
829 1307 939 1381 fuisse
968 1309 1201 1400 suburbanae,
1236 1311 1315 1381 olim
1351 1331 1422 1383 non

152 1429 274 1524 fuisse,
296 1453 373 1505 oum
391 1439 485 1505 certe
505 1439 578 1504 tum
598 1454 734 1525 quoque
747 1455 814 1506 non
830 1434 936 1505 multo
950 1435 1156 1506 remotiores
1170 1432 1312 1507 fuerint.
1332 1434 1422 1508 Tum

155 1554 257 1629 Gabi
275 1578 338 1648 pro
358 1557 479 1630 Gabii
497 1556 686 1648 offendere,
716 1579 794 1630 cum
821 1563 959 1648 praeter
986 1559 1027 1631 di
1054 1580 1118 1649 pro
1146 1558 1219 1650 dii,
1246 1559 1259 1629 i
1286 1579 1350 1650 pro
1378 1559 1421 1650 ii,

153 1679 257 1751 idem
277 1701 340 1771 pro
359 1681 480 1752 iidem
499 1681 536 1751 in
553 1680 774 1754 abminativis
791 1682 815 1751 ii
833 1682 869 1752 in
887 1682 900 1752 i
918 1703 985 1754 non
1003 1683 1243 1772 contrabatur,
1264 1683 1294 1754 si
1311 1681 1422 1774 Verg.

154 1806 241 1876 Aen.
263 1805 347 1894 VH,
370 1807 456 1877 631.
495 1805 625 1896 (Ardea
643 1803 929 1895 Crustumerique
948 1810 984 1876 ct
1003 1807 1197 1895 turrigerae
1216 1805 1424 1895 Antemnae)

153 1930 315 2021 excipias
336 1929 394 2001 ubi
412 1930 561 2001 metrica
579 1930 787 2002 necessitate
804 1929 891 2001 haec
910 1929 1101 2002 contractio
1121 1928 1340 2020 defendatur,
1360 1952 1423 2004 neo

154 2053 340 2145 quidquam
364 2075 407 2126 ex
428 2053 713 2143 inscriptionibus
730 2054 791 2126 ubi
808 2054 880 2124 sint
897 2053 1024 2126 similes
1043 2055 1293 2126 contractiones
1311 2055 1424 2159 possit

53 2162 73 2246 .’
154 2177 287 2249 coniici.
310 2178 467 2266 Denique
486 2175 656 2249 offendere
675 2178 907 2269 synaloephen
924 2177 960 2248 in
977 2179 1096 2269 longe
1117 2185 1216 2251 erat.
1264 2179 1355 2250 Nam
1377 2199 1419 2251 ne

154 2303 190 2373 in
209 2303 319 2375 altera
337 2302 485 2395 quinarii
503 2308 605 2392 parte
622 2303 745 2394 longae
763 2303 904 2375 brevem
919 2301 1163 2394 subiungerent
1181 2309 1302 2394 poetas
1321 2304 1416 2376 anxie

155 2428 305 2520 cavisse,
334 2447 375 2499 ac
402 2426 433 2498 si
460 2431 575 2497 tamen
594 2425 814 2516 reperiantur
832 2425 966 2516 aliquot
983 2426 1139 2518 exempla
1158 2425 1303 2519 Catulli,
1330 2426 1418 2498 Pro-

154 2552 270 2642 pertii,
286 2552 438 2623 auctoris
452 2550 620 2641 epistolae
635 2551 774 2623 Acontii
788 2550 832 2621 ad
848 2548 1024 2642 Cydippen
1034 2549 1148 2644 (Ovio.
1161 2550 1304 2623 Heroid.
1318 2550 1421 2640 XX),

154 2675 317 2766 Ausonii,
342 2682 457 2746 tamen
488 2696 552 2746 nec
586 2673 775 2764 Catullum,
805 2675 863 2762 qui
890 2674 1088 2748 liberiorem
1115 2695 1215 2746 usum
1242 2679 1418 2765 sequatur,

152 2820 262 2889 neque
281 2800 488 2889 Ausonium,
509 2799 568 2889 qui
586 2801 752 2888 temporis
772 2800 819 2870 sit
835 2799 1054 2890 posterioris,
1072 2798 1261 2888 quidquam
1280 2798 1423 2869 demon·

155 2928 285 3012 strare3
313 2931 349 2995 at
369 2923 460 3014 quod
478 2925 513 2994 in
532 2924 677 3014 epistola
695 2924 835 2996 Acontii
854 2926 898 3014 (v.
924 2924 1025 3014 178.)
1045 2923 1195 2994 dicatur:
1218 2926 1332 2993 certe
1352 2939 1423 3010 ego

154 3047 288 3120 salvus
308 3069 393 3138 ero,
422 3068 610 3136 pronomen
639 3069 711 3138 ego
735 3048 935 3137 saepissime
954 3047 1104 3119 omnium
1124 3047 1246 3136 longae
1266 3043 1423 3135 syllabae

154 3171 294 3263 subiici,
316 3173 474 3263 quodque
492 3172 696 3263 Propertius
714 3172 761 3262 II,
785 3177 844 3263 14,
868 3174 927 3243 18.
957 3170 1065 3243 dicat:
1095 3191 1208 3242 nemo
1227 3169 1267 3239 in
1285 3188 1423 3240 amore

153 3297 281 3388 videt,
302 3298 532 3387 quantitatem
555 3297 858 3385 nominativorum,
887 3295 1146 3383 adverbiorum,
1176 3294 1367 3365 uerborum
1389 3293 1425 3363 in

155 3440 174 3492 0
198 3421 427 3492 desinentium
455 3441 523 3492 non
551 3421 705 3493 eiusdem
725 3440 765 3491 ac
784 3425 917 3492 ceteras
935 3420 1054 3510 longas
1073 3439 1147 3491 esse
1165 3421 1326 3507 naturae,
1361 3415 1425 3488 sed

154 3544 213 3616 illo
231 3545 301 3615 iam
320 3553 475 3634 tempore
489 3544 629 3616 brevem
644 3565 686 3616 ex
699 3545 803 3643 lon-ga
816 3541 903 3615 fieri.
925 3541 982 3615 Sic
995 3542 1293 3631 Escbenburgius:
1316 3537 1425 3611 Cuius

155 3669 200 3741 ad
217 3669 368 3759 primum
387 3678 641 3760 argumentum,
663 3668 744 3758 quia
763 3688 829 3739 uon
848 3666 1012 3739 adversus
1028 3665 1182 3738 codicum
1202 3672 1238 3737 et
1246 3663 1427 3755 Propertii

155 3794 262 3865 verba
284 3792 345 3864 sed
369 3793 534 3865 adversus
554 3793 786 3864 coniecturam
805 3791 1013 3864 Lachmanni
1033 3790 1203 3861 directum
1223 3798 1292 3876 est,
1322 3787 1426 3860 nobis

153 3939 222 3990 non
240 3924 361 3990 contra
379 3938 420 3989 ea
439 3935 526 4006 quae
544 3916 618 4008 ipse
636 3914 788 4008 profert,
818 3917 879 3989 sed
909 3921 1030 3987 contra
1047 3935 1123 3985 eum
1144 3935 1243 4004 quem
1264 3913 1426 4004 sequitur

153 4041 410 4112 Lachmannum
430 4040 674 4129 disputandum
693 4041 769 4112 erit.
809 4040 877 4111 Hic
905 4039 940 4108 in
969 4038 1118 4110 editione
1142 4038 1221 4109 anni
1244 4037 1357 4107 1816.
1379 4035 1428 4107 ad

154 4187 206 4237 vs.
229 4167 288 4237 33.
336 4165 551 4256 interpretes
570 4165 739 4257 Bovillas,
759 4164 888 4253 inquit,
909 4162 1020 4233 minus
1040 4161 1255 4233 suburbanas
1274 4160 1343 4232 dici
1362 4179 1426 4230 vo·

155 4291 240 4378 lunt,
261 4309 338 4360 cum
355 4288 542 4360 verborum
562 4290 741 4363 collocatio
760 4286 927 4380 postulat,
957 4291 997 4357 ut
1023 4285 1124 4357 urbc
1147 4286 1277 4355 miuus
1296 4303 1429 4373 parva

155 4415 348 4504 iungamus,
371 4414 460 4504 quod
479 4415 666 4487 absurdum
684 4413 785 4487 foret.
834 4411 923 4501 Quin
946 4409 1099 4482 Bovillae
1117 4415 1190 4482 tum
1210 4428 1275 4479 non
1294 4409 1427 4498 minus,

159 4538 220 4612 sed
246 4538 348 4629 plane
376 4560 444 4611 non
471 4540 689 4613 suburbanae
717 4544 826 4610 erant.
873 4535 1029 4625 Reponc:
1054 4532 1186 4625 Quippe
1205 4532 1429 4607 suburbanae
