3166 5146
773 257 978 324 -63-

244 484 335 553 cere,
352 484 395 533 an
414 470 452 533 ut
471 461 574 535 saciat
592 465 720 553 aliquid
737 471 982 554 quaestuosum
999 485 1073 534 esse
1089 465 1266 534 doceatur.
1285 461 1457 532 Generale·
1475 463 1504 530 si

243 587 334 675 quod
353 602 405 656 est
424 600 647 677 praeceptum
665 589 751 659 latet
769 589 855 658 illud
874 590 907 657 in
928 589 1048 678 primis
1069 588 1184 658 verbis
1206 608 1255 657 vs.
1279 590 1339 656 27.
1360 606 1504 674 sperne

244 709 374 781 fidem.
396 711 483 781 Nam
498 713 527 782 si
543 714 584 782 ad
601 733 750 782 amorem
770 713 860 783 idem
875 712 976 801 valet,
994 713 1084 800 quod
1099 713 1142 782 de
1155 711 1307 782 amicitia
1320 711 1370 780 ait
1380 708 1507 780 Cicero

194 878 196 885 ·
243 834 350 923 (Lael.
378 838 434 922 15,
463 839 523 905 65.
554 837 823 906 Firmamentum
851 847 967 906 antem
996 836 1195 928 stabilitatis
1224 834 1504 922 constantiaeque

244 959 319 1028 cius
350 980 450 1048 quam
479 961 513 1028 in
543 961 695 1030 amicitia
722 960 917 1047 quaerimus
946 958 1029 1030 fides
1059 961 1135 1049 est),
1165 960 1206 1047 si,
1236 960 1384 1047 inquam,
1410 979 1506 1027 amor

117 1134 120 1139 -
245 1083 347 1152 etiam
366 1082 433 1151 lide
463 1085 606 1153 maxime
635 1091 785 1173 constat,
815 1085 1020 1175 vituperatio
1049 1082 1128 1154 fidei
1156 1105 1222 1154 non
1243 1084 1286 1153 ad
1309 1084 1505 1173 proximum

241 1212 376 1276 tantum
395 1216 618 1297 praeceptum
639 1209 699 1278 sed
718 1208 761 1277 ad
781 1210 895 1278 omnia
913 1229 999 1297 quae
1020 1217 1209 1296 sequuntur
1224 1209 1384 1297 pertinet.
1402 1207 1507 1277 Latet

240 1337 366 1418 tamen,
387 1331 478 1418 dico,
498 1352 567 1401 non
586 1338 696 1420 patet·
720 1332 808 1402 Nam
827 1343 947 1420 aperte
970 1330 1054 1401 fides
1073 1332 1116 1402 ad
1135 1332 1171 1401 id
1189 1331 1426 1433 iusiurandum
1445 1351 1502 1400 rc-

243 1451 421 1523 ferendum
446 1455 594 1542 videtur,
625 1475 691 1544 quo
712 1477 748 1526 se
776 1455 892 1543 puella
921 1457 1066 1524 amatori
1086 1455 1330 1540 obstrinxerat,
1364 1463 1402 1524 ut
1422 1453 1505 1524 Ovi-

243 1577 319 1647 dius
339 1577 415 1646 Am.
438 1579 500 1666 ΙΙΙ,
525 1580 624 1671 3,,ἱη.
645 1579 730 1649 Esse
750 1579 843 1666 noos,
874 1581 997 1668 inquit,
1022 1581 1044 1666 i,
1065 1581 1180 1668 crede,
1214 1578 1336 1649 fidem
1368 1580 1506 1647 iurata

242 1699 379 1788 fefellit3
408 1701 443 1770 id
471 1702 561 1789 quod
590 1723 632 1771 ex
650 1703 817 1789 proximis
849 1701 964 1772 verbis
992 1709 1144 1790 apparet.
1174 1702 1414 1771 Proximorum
1434 1721 1508 1769 ver·

123 1860 126 1865 -
245 1836 344 1886 suum
373 1816 528 1885 ordinem
558 1824 594 1886 et
612 1837 813 1904 processum
843 1816 1017 1904 attigimus
1046 1817 1135 1886 iam:
1164 1824 1357 1887 esttamen
1386 1814 1505 1884 eodem

245 1941 470 2028 redeundum,
500 1941 580 2029 quia
603 1941 876 2010 Luettiobannes
905 1961 972 2009 uss.
1005 1943 1051 2010 37
1074 1979 1121 1992 -
1144 1945 1204 2010 46.
1235 1941 1301 2010 alio
1328 1937 1505 2027 transfert,

246 2065 334 2150 quod
355 2064 397 2132 iis
417 2064 484 2131 iam
513 2084 579 2130 non
598 2065 842 2149 praecipiatur,
863 2070 901 2131 ut
920 2072 999 2132 ante
1019 2068 1053 2132 et
1080 2072 1160 2149 post
1183 2040 1316 2151 rumne,
1338 2062 1506 2151 quomodo

245 2188 387 2276 peounia
407 2193 668 2275 extorqueatur
689 2206 730 2254 ex
750 2192 903 2253 amatore
928 2186 995 2253 iam
1016 2187 1120 2254 certis
1144 2185 1289 2254 vinculis
1309 2186 1504 2269 constricto,

244 2311 305 2381 sed
330 2310 454 2398 quibus
486 2309 657 2380 illecebris
687 2309 810 2378 dubius
838 2308 940 2378 etiam
973 2314 1009 2377 et
1035 2309 1189 2377 incertus
1217 2312 1351 2376 amator
1369 2307 1505 2375 irretiri

244 2438 369 2524 possit3
389 2432 481 2523 quod
502 2433 571 2502 dici
586 2433 723 2502 coniicit
743 2452 783 2502 ex
803 2432 861 2501 illo
882 2438 997 2501 tenes
1017 2432 1110 2518 quod
1129 2437 1184 2500 est
1202 2432 1235 2498 iu
1256 2450 1356 2499 versu
1378 2432 1437 2498 37.
1459 2429 1508 2500 Ut

245 2559 354 2646 igitur
374 2559 560 2640 rideamne,
581 2579 660 2625 num
681 2577 768 2644 quae
789 2555 830 2624 de
849 2565 966 2626 vetere
983 2562 1137 2624 amatore
1153 2555 1309 2625 dicantur
1323 2553 1399 2621 novi
1413 2572 1505 2621 ama·

244 2682 331 2750 toris
359 2681 693 2765 commemoratione,
723 2699 811 2766 quac
840 2680 881 2748 de
909 2680 1055 2766 pecunia
1082 2676 1327 2766 extorquenda,
1352 2665 1501 2763 capiendi

245 2810 283 2874 et
310 2803 493 2872 irretiendi
522 2802 765 2891 praeceptione
795 2801 1103 2890 interrumpantur,
1132 2822 1254 2871 versus
1282 2801 1359 2870 illos
1383 2817 1502 2887 propo·

245 2949 367 2999 namus
384 2949 392 2995 2

403 3101 553 3191 Supplex
571 3102 627 3172 ille
647 3100 763 3172 sedet:
784 3102 896 3192 posita
914 3108 952 3172 tu
971 3103 1082 3172 scribe
1102 3100 1267 3171 cathedra

460 3225 656 3314 Quidlibet.
673 3226 734 3294 bas
755 3233 851 3296 artes
870 3227 898 3295 si
918 3233 1021 3313 pavet
1039 3226 1096 3295 ille
1115 3233 1238 3296 tenes

405 3350 547 3437 Semper
564 3349 653 3419 habe
672 3368 805 3418 morsus
825 3349 918 3418 eirca
936 3355 996 3418 tua
1014 3348 1101 3418 colla
1127 3357 1296 3437 recent-ee,

329 3479 389 3545 40.
459 3474 593 3547 Litibus
613 3472 756 3542 alternis
775 3493 860 3561 quos
879 3477 976 3561 putet
996 3493 1071 3543 csse
1090 3474 1198 3544 datos

406 3597 477 3667 Nec
497 3606 531 3666 te
550 3596 694 3666 Medeae
714 3595 889 3683 delectent
906 3595 1033 3683 probra
1052 3597 1229 3683 sequacis:

460 3721 591 3807 Nempe
610 3719 691 3788 tulit
710 3717 819 3788 fastus
838 3738 922 3787 ausa
941 3740 1065 3808 rogare
1084 3720 1190 3808 prior.

407 3844 471 3916 Sed
490 3845 605 3932 potius
624 3841 741 3911 mundi
760 3841 863 3912 Thais
882 3844 1033 3930 pretiosa
1051 3841 1243 3928 Menandri,

464 3967 549 4037 Oum
568 3965 650 4036 ferit
669 3971 802 4035 astutos
822 3968 950 4036 comica
970 3966 1114 4035 moecha
1133 3966 1251 4038 Getas.

266 4146 282 4184 ,
328 4094 388 4160 45.
409 4090 448 4159 In
467 4111 580 4159 mores
599 4097 632 4158 te
652 4096 748 4160 verte
762 4091 852 4159 uiri:
872 4093 901 4160 si
922 4092 1056 4160 cantica
1073 4091 1190 4180 iactat,

463 4213 479 4283 I
498 4234 610 4284 comcs
629 4221 664 4285 et
682 4235 785 4286 voces
805 4216 902 4286 ebria
919 4216 1021 4302 iunge
1041 4222 1129 4285 tuas.

254 4425 347 4496 Nihil
366 4425 604 4514 videmusque
625 4425 884 4498 Luettiohannis
904 4427 1017 4515 opinio
1041 4425 1270 4515 confirmetur,
1291 4425 1375 4495 illud
1394 4431 1506 4495 autern

256 4552 369 4640 ipsum
396 4558 525 4639 tenes,
558 4571 689 4640 exque
719 4573 852 4622 omnem
879 4551 988 4621 trahit
1010 4552 1350 4642 argumentationem,
1376 4559 1508 4619 tantum
